2163 3135
61 697 85 715 lu

61 955 83 972 15

62 1474 86 1493 ‘25

64 1958 89 1977 30

577 130 711 157 anvui
732 130 853 163 (EPIsT.
874 132 898 161 o,
916 131 970 162 30),
990 130 1096 156 cmix
1116 129 1238 162 (Bris'r.
1257 132 1281 156 εν,
1300 130 1353 161 31).
1731 131 1793 159 319

137 220 283 262 qualibet
317 219 533 250 obiectatione
572 217 743 258 confringi.
798 217 876 247 nihil
913 217 998 259 apud
1038 217 1127 247 illum
1166 217 1265 248 tutius
1302 217 1524 258 supplicante:
1563 216 1652 247 solus
1689 215 1793 246 evasit

137 272 315 314 proeliares
339 271 429 302 acies
454 270 506 311 qui
530 270 671 311 rogavit:
707 270 781 299 vicit
817 279 981 300 armorum
1010 269 1139 310 inpetus
1172 269 1224 310 qui
1261 269 1377 299 obtulit
1414 268 1551 299 devotus
1589 268 1791 309 obsequium.

115 323 223 365 ·qu0d
252 323 307 353 vix
339 327 467 353 veteres
501 321 664 363 principes
700 321 906 362 praesentiae
941 331 1019 351 suae
1054 320 1170 350 sudore
1202 321 1293 362 potiti
1323 325 1407 351 sunt.
1445 319 1505 350 hoc.
1541 330 1670 360 semper
1705 319 1791 360 regis
1827 319 1844 347 ss

138 375 239 406 nostri
267 374 375 405 brevis
406 373 592 415 procuravit
623 373 772 414 epistula.
819 384 877 413 pcr
901 383 1059 403 excursus
1085 371 1234 412 dirigitur
1258 372 1336 402 felix
1362 371 1527 402 exercitus
1552 371 1592 401 ad
1617 370 1792 402 triumfum.

141 427 194 468 qui
218 426 329 457 credat
362 426 498 456 militem
531 425 600 455 eius
629 425 661 455 111
693 425 803 455 labore
833 428 864 455 ct
893 424 1095 465 perfectione
1124 424 1246 454 habere
1277 423 1406 464 quidem
1435 423 1618 464 superantis
1647 423 1792 464 gloriam.

138 478 195 510 sed
212 478 445 509 continentiam
464 476 646 517 subiugati'?
673 477 903 506 consummatis
927 475 1214 517 congressionibus
1233 475 1271 505 dc
1288 476 1354 505 irae
1373 475 1554 505 hereditate
1574 475 1618 505 nil
1637 477 1793 505 remanet.

138 542 200 562 uno
226 534 373 571 tempore
397 539 478 570 quos
503 528 703 570 perniciosos
727 527 904 558 adversarii
931 527 1085 558 viderint.
1115 527 1250 557 blandos
1280 527 1423 557 sentiunt
1451 527 1571 557 tributa
1602 525 1792 567 pendentes

138 586 170 614 et
195 582 275 612 haec
299 580 429 622 quidem
454 580 588 611 caelesti
612 583 850 622 praeparantur
879 591 935 621 pro
964 579 1024 610 hac
1055 579 1249 620 repensione
1279 579 1443 619 suffragio.
1476 579 1551 619 quia
1576 578 1656 608 fides
1681 587 1792 608 nostra
1834 589 1841 608 A

137 633 223 676 apud
247 643 321 664 eum
338 650 379 654 —
396 632 483 662 aliud
507 632 576 673 ipse
600 636 742 662 sectetur
759 649 798 653 —
817 632 848 662 in
872 635 967 673 portu
985 635 1046 662 est.
1085 631 1241 662 mirabilis
1260 631 1425 672 patientia.
1451 630 1578 671 quando
1599 634 1698 660 tenax
1715 640 1791 671 pro—

138 686 233 727 positi
258 685 307 715 sui
332 685 512 715 claritatem
537 694 601 714 uon
626 683 798 714 obumbrat
823 683 931 714 alieni.
979 693 1053 713 nam
1087 687 1119 714 et
1148 683 1359 714 ecclesiarum
1391 686 1572 713 nostrarum
1598 681 1794 723 patrimonia

136 737 249 775 relabi,
280 736 341 767 nisi
365 740 461 767 aucta
484 735 614 773 fuerint..
645 735 848 776 ingemiscat.
895 735 940 765 sic
965 735 1086 765 factum
1118 738 1176 765 est.
1208 738 1244 764 ut
1277 738 1309 764 et
1340 738 1459 765 statum
1489 744 1582 764 suum
1612 733 1794 774 locupletes

136 799 318 831 pauperum
343 787 544 819 substantiae
570 791 703 818 teneant
729 790 765 817 et»
785 786 964 817 mediocres
987 786 1026 816 ad
1052 796 1237 827 supremam
1262 785 1461 827 opulentiam
1487 785 1727 815 convalescant.
1763 784 1795 814 in

136 839 358 872 sacerdotibus
383 840 520 870 virtutes
545 842 577 870 et
600 839 730 870 innatas
762 838 839 869 colit
868 842 900 868 et
928 849 992 868 non
1025 841 1172 879 repertas
1203 837 1349 879 inspirat.
1397 837 1454 868 sed
1480 848 1535 867 cur
1558 835 1794 868 beatitudinem
1829 838 1847 867 S

136 896 278 925 vestram
303 891 502 934 praeiudicio
527 890 635 921 diffusi
660 890 819 921 sermonis
843 890 1040 931 anticipem?
1067 889 1219 920 contimio
1243 889 1447 930 experientia
1465 892 1573 919 vestra
1592 892 1623 919 et
1641 887 1795 929 spiritalis

138 945 193 976 illa
225 944 410 986 perspectio
441 943 586 974 ieiunum
618 953 668 973 me
701 942 802 973 fuisse
832 941 865 971 in
894 941 938 971 fili
967 941 1067 972 vestri
1099 941 1249 972 laudibus
1281 940 1462 976 accusabit,
1501 944 1533 971 et
1565 950 1636 971 cum
1669 939 1795 970 soleant

136 996 327 1039 amplificari
350 996 437 1027 facta
462 995 652 1036 conloquiis,
678 994 823 1025 sterilem
848 1004 899 1024 me
924 994 1100 1024 relatorem
1125 993 1165 1024 de
1191 993 1346 1024 virtutum
1372 993 1441 1024 eius
1467 1003 1574 1023 messe
1597 991 1795 1022 causabitur.

137 1050 201 1080 iam
219 1049 407 1079 saeculares
424 1047 546 1089 apices.
573 1046 700 1077 curules
721 1050 752 1077 et
770 1045 908 1076 trabeas.
935 1045 1088 1086 patricias
1113 1045 1210 1075 etiam
1236 1045 1412 1086 dignitates
1431 1044 1571 1086 qualiter
1588 1047 1643 1073 aut
1660 1046 1794 1074 naturae
1831 1046 1849 1073 9

136 1100 251 1132 reddat
282 1103 338 1131 aut
370 1099 524 1130 moribus.
560 1098 729 1129 domestici
760 1097 932 1139 perlatoris
965 1096 1220 1138 adstipulatione
1250 1097 1411 1138 vulgetur.
1457 1107 1530 1127 nam
1556 1099 1588 1127 et
1614 1101 1740 1126 veteres
1766 1095 1797 1125 in

138 1153 271 1194 antiqua
294 1151 424 1193 generis
448 1151 521 1182 luce
547 1150 663 1181 durare
689 1149 766 1180 facit
791 1156 821 1179 ct
844 1159 943 1179 novos
962 1148 1137 1190 splendore
1156 1149 1312 1190 inopinati
1330 1148 1467 1189 fulgoris
1486 1147 1635 1178 inradiat.
1669 1147 1796 1178 facilius

140 1204 327 1246 respublica
360 1203 429 1234 eius
462 1202 548 1233 bono
589 1201 844 1243 dispensationis
887 1201 1024 1231 effluens
1058 1201 1088 1231 in
1118 1201 1276 1242 privatam
1309 1201 1427 1242 migrat
1459 1201 1669 1242 opulentiam.
1700 1210 1796 1241 quam

138 1255 366 1288 famulantium
391 1265 509 1286 census
530 1255 561 1285 in
587 1254 731 1296 palatina
757 1254 845 1284 lucra
864 1256 1090 1283 connnutctur.
1128 1263 1222 1283 nunc.
1249 1252 1334 1294 quod
1353 1259 1514 1294 superest.
1542 1263 1634 1283 meae
1653 1251 1794 1282 servitiis
1814 1251 1849 1280 lo

139 1307 344 1340 salutationis
368 1307 511 1348 acceptis
537 1306 683 1337 oratione
708 1305 897 1347 prospicite.
923 1309 956 1335 ut
975 1304 1123 1335 Christus
1146 1304 1333 1346 redemptor
1355 1308 1472 1335 noster.
1498 1304 1628 1345 quaein
1647 1303 1794 1345 praefato

139 1360 396 1392 clementissimo
421 1369 499 1400 rege
524 1358 742 1390 servientibus
767 1357 829 1388 sibi
856 1357 1000 1387 contulit.
1027 1356 1126 1397 longa
1149 1360 1256 1387 aetate
1283 1361 1463 1387 conservet.
1499 1355 1554 1387 det
1580 1356 1677 1387 etiam
1702 1355 1794 1396 regni

140 1413 180 1444 de
211 1412 281 1444 eius
310 1411 456 1453 germine
489 1421 725 1445 successorem.
762 1421 802 1440 ne
832 1409 919 1440 bona
947 1409 1029 1439 tanti
1060 1408 1202 1439 hominis
1233 1408 1264 1439 in
1296 1419 1361 1439 uua
1391 1411 1499 1439 aetate
1534 1411 1738 1439 veterescant
1763 1411 1796 1439 et

141 1465 311 1506 antiquata
335 1463 537 1505 temporibus
560 1474 618 1505 pro
644 1463 714 1493 sola
738 1462 827 1493 aurei
854 1461 977 1492 saeculi
1003 1461 1312 1492 commemoratione
1338 1460 1553 1491 nominentur.

764 1615 905 1648 GDLIX
930 1616 1038 1657 (smsr.
1057 1618 1086 1647 9.
1105 1616 1170 1656 31).

741 1705 978 1741 ENNODIVS
1007 1704 1198 1741 AVIENO.

249 1773 353 1818 Dum
377 1786 526 1818 iucundis
552 1786 658 1818 adhuc
684 1786 744 1817 deo
770 1785 983 1827 dispensante
1008 1785 1135 1815 fruerer
1158 1784 1198 1815 de
1229 1784 1437 1826 praesentiae
1469 1788 1600 1814 vestrae
1630 1783 1798 1814 vicinitate
1836 1783 1848 1811 1

141 1839 370 1881 conspectibus
402 1842 433 1870 et
464 1839 617 1870 amabilia
649 1838 893 1879 conloquiorum
928 1837 1024 1868 mella
1058 1837 1238 1868 venerabili
1268 1836 1438 1867 mendacio
1471 1836 1627 1866 retineret
1658 1835 1798 1866 auditus.

142 1892 270 1923 occasio
296 1891 375 1922 mihi
400 1890 584 1932 scriptionis
609 1890 719 1921 oblata
745 1894 803 1920 est.
856 1889 969 1920 fateor.
995 1889 1049 1919 diu
1075 1889 1163 1920 nolui
1186 1888 1381 1919 medicinam
1407 1887 1569 1925 desiderii.
1594 1887 1670 1918 dum
1695 1888 1799 1918 altera

142 1947 346 1986 procuratur,
379 1944 576 1985 inrumpere.
623 1942 810 1973 delectabat
850 1942 978 1983 species
1021 1942 1128 1972 animo
1169 1952 1240 1972 meo
1280 1942 1331 1983 pia
1376 1940 1596 1971 ludificatione
1640 1938 1798 1970 blandita.

142 1996 295 2027 nolebam
320 1995 469 2026 conscius
494 1994 740 2036 deprehendere
772 2005 854 2035 quae
885 1994 1043 2036 pascebat
1072 1995 1102 2024 111
1135 2005 1245 2024 amore
1276 1993 1448 2024 fallaciam.
1495 1992 1579 2022 bene
1605 1991 1691 2022 enim
1716 1991 1800 2032 sapit
1834 1990 1852 2019 '2

142 2047 256 2079 studiis
292 2047 411 2078 nostris
445 2047 601 2078 obsecuta
637 2046 782 2077 seductio
812 2054 843 2077 et
874 2057 930 2088 pro
960 2057 1036 2077 vero
1066 2046 1205 2077 libenter
1236 2045 1437 2076 admittimus
1466 2044 1607 2074 dulcium
1639 2043 1800 2084 imagines

142 2099 337 2130 nuntiorum.
390 2102 483 2140 grata
516 2099 639 2129 somnia
676 2099 823 2139 quotiens
859 2098 1015 2139 fugantur
1049 2098 1182 2138 vigiliis.
1222 2097 1474 2138 ingemescimus
1509 2099 1541 2126 ct
1574 2095 1652 2125 illud
1688 2095 1800 2125 mortis

143 2151 353 2183 simulacrum
377 2151 416 2182 de
442 2150 577 2193 placidis
601 2150 849 2192 deceptionibus
876 2151 948 2191 plus
973 2157 1109 2180 amatur.
1158 2160 1235 2190 ergo
1260 2159 1345 2179 nunc
1378 2148 1465 2178 mihi.
1498 2147 1573 2188 quia
1605 2146 1683 2177 illud
1715 2145 1800 2187 quod

144 2204 312 2246 praefatus
346 2213 415 2233 sum
450 2206 536 2234 stare
570 2212 634 2232 non
665 2201 765 2235 licuit.
809 2202 1038 2243 exequendum
1075 2206 1124 2233 est
1157 2201 1241 2243 quod
1274 2201 1437 2231 remansit.
1484 2200 1600 2240 aliquis
1634 2199 1801 2229 hominum
1837 2198 1854 2227 3

144 2266 201 2297 pro
227 2255 353 2297 peccati
379 2255 427 2285 sui
453 2264 550 2286 onere
576 2254 620 2284 sic
646 2253 792 2284 laborat?
833 2253 1007 2295 adfligerer
1032 2254 1093 2284 nisi
1126 2264 1184 2283 vos
1214 2252 1376 2284 viderem:
1415 2251 1453 2283 ad
1487 2252 1593 2293 cupita
1626 2250 1801 2292 perductus

229 2427 236 2436 Ι
249 2394 262 2418 1
282 2395 366 2420 tocius
379 2394 403 2419 B
501 2393 518 2418 2
536 2395 604 2420 nicet
616 2394 641 2419 B
702 2398 811 2419 aeuotus
826 2393 869 2417 Ba
968 2392 984 2417 4
1004 2393 1161 2425 triumphum
1179 2391 1203 2415 V
1300 2391 1316 2415 ἴ)
1335 2392 1391 2423 quis
1406 2390 1482 2415 sirm.
1549 2392 1692 2423 superantis
1711 2389 1803 2421 T2C'P,

145 2443 297 2471 superantes
315 2437 410 2469 VLT1‚
428 2438 608 2470 superbiantes
620 2438 644 2462 B
745 2437 760 2461 ‘5
780 2437 979 2469 consumpmatis
992 2436 1017 2460 B
1081 2436 1189 2460 remanit
1203 2435 1227 2459 B
1333 2433 1347 2458 ἶ
1369 2435 1524 2467 perniciosus
1538 2434 1562 2458 B
1666 2433 1683 2459 S
1701 2443 1803 2467 respon-

145 2482 216 2506 sione
233 2481 272 2505 Va
381 2480 397 2505 9
416 2490 475 2506 cum
494 2486 552 2506 ante
570 2481 640 2506 aliud
655 2481 715 2505 add.
731 2480 807 2505 Sirm.
879 2481 941 2504 aliut
956 2480 980 2503 L·
1051 2480 1156 2503 sec-titur
1170 2478 1194 2502 Β
1305 2477 1333 2502 11
1355 2478 1503 2509 ingemiscat
1518 2477 1549 2502 B.
1568 2478 1710 2510 ingemiscit
1730 2478 1804 2502 celeri

145 2525 281 2557 locupletis
301 2525 366 2555 libri,
387 2533 432 2549 em.
448 2524 525 2548 Sir-m.
662 2524 694 2548 12
713 2522 863 2556 pauperum]
884 2532 1033 2556 prosperum
1053 2523 1116 2547 coni.
1131 2522 1238 2548 Har-leh·
1263 2526 1288 2544 a!
1307 2522 1338 2551 1372
1357 2530 1383 2552 p.
1397 2523 1436 2546 57.
1454 2523 1487 2546 30
1586 2521 1718 2545 mediocris
1738 2521 1804 2549 libri,

145 2576 191 2592 em.
206 2566 283 2591 Sirm.
380 2568 518 2600 suprimam
536 2567 561 2590 B
657 2567 831 2591 ctmualiseant
849 2566 874 2590 B
1006 2565 1037 2590 13
1056 2572 1174 2598 pepertas
1188 2564 1230 2588 Ba
1365 2562 1395 2588 14
1419 2565 1532 2596 spiritale
1546 2564 1569 2588 B
1698 2562 1730 2587 15
1749 2572 1804 2596 per<

146 2611 242 2644 spectio
260 2610 363 2641 BVLb,
388 2611 509 2643 perfectio
529 2610 573 2634 rel.
673 2610 718 2634 filii
740 2609 763 2632 V
890 2608 922 2633 16
946 2609 1087 2641 anpliticari
1104 2607 1128 2632 B
1224 2607 1357 2638 colloquiis
1378 2607 1401 2629 V
1531 2607 1562 2631 1³5
1586 2608 1765 2640 astipulatione
1786 2606 1809 2629 V

146 2654 241 2679 ueteris
254 2653 347 2677 BVlL
470 2652 502 2677 19
521 2653 641 2685 plendore
656 2652 679 2676 l}
800 2651 834 2677 2⁴]
853 2653 960 2677 effluens
975 2652 1006 2683 B,
1025 2661 1072 2677 om.
1086 2651 1161 2676 ceteri
1282 2649 1313 2674 “21
1336 2650 1506 2675 famulantum
1522 2650 1598 2675 Sirra.
1679 2659 1768 2675 censos
1781 2649 1805 2673 B

146 2696 181 2722 22
200 2698 314 2722 oratione
333 2706 381 2722 om.
396 2697 473 2722 Sirra.
536 2702 654 2730 praecato
670 2697 693 2720 J}
789 2695 822 2721 23
842 2697 970 2721 conseruit
986 2696 1009 2720 B
1104 2695 1137 2719 24
1157 2695 1297 2720 uetericant
1311 2702 1365 2726 sup.
1381 2695 1424 2718 lin.
1438 2703 1450 2718 s
1464 2694 1488 2718 L·
1583 2693 1617 2718 ‘25
1635 2694 1767 2718 nominant
1782 2692 1806 2717 B

254 2748 378 2780 [CDLIX]
410 2748 443 2773 Ξῖ
462 2749 578 2774 iocundis
593 2749 616 2772 l}
703 2748 736 2772 'lb'
755 2748 938 2780 colloquiorum
959 2748 979 2770 Γ
1063 2748 1096 2770 530
1115 2747 1212 2779 species
1229 2746 1329 2769 Ilm-tal.
1348 2746 1425 2769 series
1442 2746 1500 2769 libri
1586 2744 1616 2768 :31
1640 2745 1751 2769 salatimn
1766 2743 1805 2767 It!

149 2791 183 2818 35
201 2792 392 2824 exsequendum
410 2792 432 2814 V
534 2791 566 2815 36
585 2792 713 2823 affligerer
733 2791 753 2814 1¹*
819 2792 850 2815 ad
869 2791 955 2823 cupita
970 2790 1012 2815 [2¹2
1030 2799 1086 2823 sup.
1100 2791 1153 2819 lin.y
1172 2789 1262 2821 capida
1275 2787 1313 2812 Β]
