2163 3135
69 704 92 721 lU

53 810 72 829 p.
87 806 124 825 319

67 964 90 981 15

51 1588 71 1606 p.
85 1584 124 1602 351)

64 1742 89 1758 ao

66 2260 91 2277 40

841 140 925 165 VITA
946 139 1100 164 EPIFANI.
1762 142 1801 169 953

146 232 177 258 et
202 227 332 256 inventa
358 226 529 265 corrigere.
556 236 677 266 pacem.
703 236 798 266 quam
824 232 856 255 et
879 230 912 256 tu
938 226 1056 267 poscis.
1082 236 1204 265 negare
1223 236 1283 256 non
1302 225 1417 257 audeo.
1457 231 1622 267 postremo
1641 226 1667 256 si
1685 226 1802 256 ¹solitae

146 278 331 309 calliditatis
362 277 480 307 astutia
511 277 607 307 etiam
639 283 670 307 te
702 277 871 308 fefellerit.
905 285 1070 308 certamen
1102 278 1165 307 iam
1190 278 1379 308 vulneratus
1412 277 1571 309 adsumat.
1617 288 1668 308 me
1693 282 1801 308 tamen

146 320 330 370 statumque
354 328 555 369 reipublicae
580 329 644 358 11113
669 329 834 359 committo
859 335 891 359 et
916 328 1107 359 ‹i-ommendo
1133 329 1280 359 manibus
1306 336 1337 359 et
1367 330 1519 369 gratiam.
1552 340 1646 371 quam
1677 329 1800 371 suppli-

146 383 231 412 canti
257 386 288 412 ct
312 380 444 422 profuso
469 391 528 421 per
552 391 585 410 se
604 380 767 411 Ricemeri
786 391 906 421 negare
925 380 1160 421 disposueram.
1186 391 1244 421 per
1260 389 1291 410 19
1310 380 1431 421 primus
1450 381 1603 412 exhibeo.
1643 380 1800 423 profunda

146 434 230 464 enim
257 432 492 463 deliberatione
520 432 709 473 conpendiis
734 433 852 463 nostris
871 433 900 462 in
919 432 979 462 11110
998 438 1089 474 parte
1107 432 1315 463 consulimus.
1341 432 1365 462 si
1385 433 1415 462 111
1434 433 1566 463 incertis
1584 433 1801 474 procellarum

146 485 310 516 erroribus
339 494 454 514 navem
487 494 527 513 ex
552 483 627 514 110111
652 484 879 525 gubernatoris
905 484 1106 514 ordinatione
1131 484 1308 515 flectamus.
1356 484 1427 525 quis
1452 485 1537 514 enim
1562 485 1618 515 tibi
1645 495 1801 515 excusare

146 540 332 578 praesumat
355 535 547 566 beneficium
573 535 763 577 postulanti.
795 537 846 566 cni
872 541 1059 577 oportuerat
1083 540 1158 566 11019
1184 547 1297 577 preces
1323 535 1464 566 offerris
1511 536 1591 566 haec
1617 537 1802 578 imperator.

145 596 178 620 at
202 588 399 620 venerabilis
425 587 578 619 sacerdos
603 587 746 628 ‘gratias'
772 588 874 629 inquit
899 588 1121 629 ·omnipotenti
1147 587 1287 618 domino.
1313 588 1366 628 qui
1392 598 1504 629 pacem
1531 599 1621 618 suam
1646 589 1802 629 principis

145 641 243 671 menti
268 640 419 670 inseruit.
445 650 539 680 quem
565 639 602 670 ad
629 639 730 670 instar
755 640 886 681 superni
912 639 1096 669 dominatus
1121 639 1277 669 vicarium
1303 640 1473 681 potestatis
1499 649 1577 670 suae
1603 640 1703 669 voluit
1730 651 1802 670 esse

145 691 358 723 mortalibus‘.

253 743 377 779 Quibus
401 743 545 773 breviter
579 743 730 773 narratis.
764 746 900 784 accepto
934 742 1030 773 etiam
1061 752 1119 783 pro
1150 741 1342 773 concordiae
1376 742 1528 772 firmitate
1558 742 1597 772 ab
1628 742 1802 773 Anthemio

144 800 362 827 sacramento.
388 795 536 825 discessit
561 794 719 825 festinans
748 794 787 825 ad
812 794 979 835 Liguriam
1005 794 1140 825 reverti.
1174 794 1325 835 (1001111101
1350 794 1596 824 resurrectionis
1622 794 1802 824 dominicae

143 853 271 889 tempus
297 847 449 878 instabat.
475 857 534 888 per
558 845 643 887 quod
669 847 841 877 maceratis
866 847 1058 877 ieiuniorum
1086 856 1182 876 cruce
1209 846 1396 887 corporibus
1422 857 1518 877 carne
1536 846 1651 887 frigida
1670 846 1801 887 spiritus

144 900 256 930 hilaris
273 899 444 930 recalescit
462 903 504 929 et.
530 897 604 928 dum
623 908 639 928 a
659 898 866 939 redemptore
893 904 1002 928 nostro
1027 897 1194 928 moriendo
1220 908 1304 927 mors
1323 898 1472 929 vincitur.
1497 897 1602 928 fidelis
1627 898 1696 939 spei
1722 898 1802 928 cibis

144 952 250 982 anima
277 951 454 991 saginatur.
501 949 654 980 vicesimo
680 960 696 980 a
723 960 768 980 se.
794 960 865 980 cum
889 949 1028 980 Romam
1053 960 1204 990 egressus
1230 954 1289 979 931.
1320 949 1462 980 futurum
1487 949 1606 991 pascha
1632 949 1702 980 dies
1726 960 1800 990 pro-

143 1003 303 1034 mittebat.
353 1006 443 1033 tanta
474 1009 583 1032 tamen
614 1002 677 1032 iter
706 1001 875 1032 celeritate
911 1001 1063 1032 confecit.
1103 1005 1137 1032 ut
1168 1005 1283 1042 quarto
1315 1001 1441 1031 decimo
1473 1001 1525 1032 die
1559 1001 1742 1043 inprovisus
1772 1007 1803 1031 91

143 1055 260 1086 famam
293 1054 510 1096 praeveniens
540 1054 687 1084 Ticinum
719 1054 956 1095 ingrederetur.
991 1054 1161 1084 comitibus
1191 1064 1269 1084 sane
1303 1055 1450 1096 plurimis
1481 1055 1511 1084 in
1543 1055 1593 1085 via
1626 1054 1803 1085 derelictis.

143 1108 217 1149 quia
246 1117 306 1137 090
335 1106 563 1137 abstinentiam
595 1107 664 1136 eius
700 1107 860 1137 sustinere.
886 1113 1037 1148 poterant
1062 1117 1122 1137 1199
1148 1105 1304 1137 laborem.
1352 1117 1428 1136 ecce
1455 1117 1629 1136 concursus
1655 1112 1802 1148 praesto-

144 1159 280 1190 lantium
306 1159 387 1189 tanti
405 1158 559 1188 antistitis
577 1157 768 1188 adventum:
794 1158 878 1188 domi
897 1158 1036 1200 positum
1055 1158 1176 1188 videre.
1204 1168 1299 1199 quem
1318 1157 1458 1188 nondum
1477 1157 1614 1188 Romam
1633 1168 1801 1198 egressum

143 1211 242 1242 fuisse
267 1213 497 1251 cognoverant.
544 1209 650 1240 laetae
676 1209 763 1240 urbis
789 1209 926 1251 tripudia
953 1209 1098 1240 adtonito
1123 1209 1286 1240 Ricemeri
1317 1209 1515 1240 indicantur:
1547 1220 1660 1251 pacem
1685 1209 1801 1240 factam

144 1273 284 1293 consono
303 1272 415 1292 omnes
433 1271 488 1291 ore
507 1261 730 1293 clamitabant.
770 1263 931 1293 exultatio
956 1262 1077 1293 infinita
1103 1263 1340 1304 provinciarum
1368 1266 1409 1292 ct.
1434 1262 1516 1292 sicut
1541 1262 1706 1293 bominum
1732 1273 1801 1292 mos

144 1319 192 1344 est
216 1313 340 1354 gratius
364 1313 486 1343 habere
511 1311 596 1353 quod
626 1312 780 1344 redditur.
814 1325 908 1355 quam
934 1314 959 1344 si
986 1315 1116 1344 omnino
1142 1324 1204 1344 1100
1231 1319 1358 1355 percat.
1390 1313 1513 1344 dulcior
1538 1321 1606 1344 crat
1630 1314 1800 1344 concordia

143 1376 225 1407 quae
250 1368 324 1408 post
348 1365 439 1395 litem
464 1364 682 1395 revoc-abatur
706 1370 737 1395 et
762 1376 825 1406 pax
851 1376 934 1406 quae
960 1365 1022 1396 iam
1049 1376 1152 1407 paene
1179 1365 1352 1407 desperata
1371 1366 1563 1407 contigerat.
1604 1366 1802 1396 evocabatur
1838 1386 1843 1393 -

142 1417 341 1448 reverendus
372 1415 537 1457 pontifex.
572 1421 606 1446 ut
635 1415 688 1446 diu
720 1420 927 1458 expectatum
954 1416 1256 1448 Mediolanensibus
1289 1422 1511 1459 praesentaret
1546 1425 1724 1459 aspectum.
1771 1426 1803 1448 at

143 1470 207 1500 1119.
232 1479 272 1500 09
290 1468 379 1499 velut
402 1467 528 1498 debitas
553 1468 730 1508 gratiarum
756 1468 900 1499 actiones
927 1479 1083 1509 praesens
1102 1468 1267 1499 videretur
1291 1470 1436 1510 exigere.
1463 1470 1665 1500 visitationes
1691 1480 1802 1500 eorum

144 1521 203 1552 sub
229 1521 373 1551 colorata
399 1519 507 1561 specie
533 1519 730 1550 declinabat.

251 1573 354 1614 Igitur
378 1582 532 1614 processu
559 1572 715 1613 temporis
741 1576 773 1602 et
798 1571 918 1602 laboris
950 1571 1118 1602 cotidianis
1151 1572 1359 1603 successibus
1385 1573 1470 1602 vitae
1497 1573 1527 1602 in
1554 1583 1626 1603 eum
1652 1573 1801 1603 meritum

143 1624 379 1666 geminabatur.
426 1629 495 1654 erat
528 1623 573 1653 illi
599 1634 753 1664 germana
785 1628 861 1654 natu
895 1624 1007 1654 minor.
1042 1623 1199 1664 religione
1232 1634 1294 1654 000
1326 1625 1428 1666 inpar.
1462 1623 1629 1655 Honorata
1663 1625 1802 1655 00111109.

144 1677 235 1707 cuius
257 1676 354 1706 vitam
380 1686 440 1717 per
464 1675 591 1715 singula
610 1675 762 1706 virtutum
789 1686 910 1716 genera
936 1676 1066 1717 longum
1094 1680 1143 1707 est
1168 1677 1286 1717 eloqui.
1328 1676 1447 1707 sufficit
1471 1681 1579 1707 tamen
1605 1676 1645 1707 ad
1670 1677 1800 1707 laudum

142 1729 212 1759 eius
237 1728 399 1758 cumulum
424 1727 554 1768 dignam
579 1728 659 1757 tanti
677 1728 734 1758 viri
759 1738 900 1758 sororem
926 1727 1062 1758 dixisse.
1109 1728 1191 1758 hanc
1216 1728 1245 1758 in
1273 1728 1341 1769 ipso
1367 1739 1428 1769 quo
1454 1728 1494 1758 de
1518 1729 1682 1769 legatione
1708 1728 1801 1759 rediit

142 1780 347 1812 consecravit
378 1789 471 1810 anno.
518 1789 614 1819 quam
645 1784 752 1809 tamen
785 1779 981 1810 inbuendam
1020 1779 1201 1821 disciplinis
1233 1780 1448 1811 caelestibus.
1488 1781 1579 1822 quasi
1613 1789 1723 1811 sancta
1757 1781 1802 1812 illi

142 1836 255 1863 natura
284 1843 347 1862 non
382 1831 561 1862 sufficeret.
596 1831 792 1862 Lmninosae
823 1831 949 1862 cuidam
980 1832 1120 1862 feminae
1150 1832 1331 1873 stupendae
1363 1833 1546 1863 sanctitatis
1572 1840 1603 1863 et
1629 1833 1802 1873 singularis

141 1884 284 1925 exempli
320 1883 496 1913 commisit.
535 1883 625 1913 cuius
660 1887 825 1924 oporteret
856 1883 1005 1914 fortassis
1040 1883 1194 1914 natalium
1228 1885 1365 1915 culmina
1398 1885 1516 1925 relegi.
1550 1885 1611 1915 nisi
1644 1884 1803 1925 insignior

143 1937 257 1967 fuisset
281 1936 346 1966 vita
376 1946 471 1976 quam
503 1935 672 1976 sanguine.
718 1935 799 1965 haec
833 1936 918 1966 enim
944 1936 1001 1966 fuit
1027 1936 1113 1966 talis.
1145 1935 1184 1966 de
1209 1946 1269 1976 qua
1296 1947 1330 1965 sc
1356 1935 1504 1967 crederet
1528 1936 1650 1967 habere
1676 1940 1708 1967 et
1733 1937 1801 1978 ipse

143 1988 227 2030 quod
251 1988 406 2018 disceret.
438 1987 491 2028 qui
517 1986 728 2017 erudiendam
762 1991 945 2017 consortem
976 1987 1060 2017 uteri
1100 1987 1333 2018 committebat.
1387 1998 1458 2018 nam
1487 1987 1577 2018 brevi
1607 1987 1692 2030 apud
1722 1988 1802 2018 banc

143 2040 326 2082 depositum
351 2039 506 2069 antistitis
537 2039 654 2080 pignus
687 2039 827 2069 effloruit
852 2043 884 2069 et
909 2039 947 2069 ad
977 2039 1197 2070 maturitatem
1228 2039 1333 2070 bonae
1366 2039 1466 2080 frugis
1498 2039 1656 2081 plantaria
1688 2044 1801 2070 onusta

142 2092 306 2134 perduxit.
346 2091 470 2121 interea
497 2101 555 2132 per
579 2091 778 2132 propositum
804 2091 865 2121 sibi
892 2091 1007 2121 callem
1026 2091 1110 2121 vitae
1136 2102 1231 2121 cursu
1257 2091 1404 2133 praepeti
1431 2091 1582 2122 sacerdos
1606 2091 1803 2122 venerabilis

142 2143 315 2174 incedebat
339 2143 558 2184 eleemosynis
584 2143 654 2174 3109
680 2143 913 2173 retractatione
939 2153 1071 2184 operam
1097 2142 1188 2173 dans.
1213 2143 1298 2184 quod
1324 2153 1441 2173 munus
1459 2143 1696 2185 accipientibus
1713 2144 1802 2173 vultu

143 2200 175 2226 et
192 2196 298 2226 animo
325 2194 536 2225 blandissimo
562 2194 821 2225 commendabat.
848 2195 890 2225 ita
916 2199 949 2225 ut
975 2195 1167 2236 cuicumque
1192 2195 1352 2225 sermonis
1377 2195 1476 2225 solius
1502 2195 1638 2235 gratiam
1663 2195 1801 2236 praesti-

144 2248 252 2279 tisset.
286 2257 492 2288 nequaquam
524 2258 558 2276 se
587 2247 775 2278 indonatum
808 2251 937 2288 putaret
966 2247 1155 2278 abscedere.
1202 2250 1271 2276 erat
1302 2247 1386 2276 euim
1420 2257 1580 2276 summum
1610 2247 1801 2288 praemium.

143 2300 240 2330 talem
266 2299 374 2330 saltim
399 2298 519 2329 vidisse
544 2299 739 2340 pontificem.
787 2299 955 2329 crescebat
981 2299 1010 2329 in
1037 2299 1106 2329 dics
1132 2299 1278 2339 singulos
1303 2298 1385 2328 fama
1418 2298 1568 2335 gloriosis
1597 2298 1802 2328 successibus

145 2355 177 2382 et
200 2355 304 2382 totum
330 2361 434 2393 paene
458 2350 613 2382 mundum
639 2351 725 2381 illius
750 2351 994 2393 praedicatione
1019 2351 1204 2393 conplebat.

248 2525 263 2549 11
282 2523 352 2556 boni]
372 2525 426 2549 ueri
447 2524 525 2549 Sirm.
631 2526 648 2547 δ’
666 2524 701 2556 all
721 2525 751 2549 1111
767 2524 820 2548 Ill*
888 2525 975 2556 inquid
990 2524 1014 2548 Ι]
1085 2523 1196 2555 domino]
1217 2524 1262 2547 deo
1282 2522 1359 2547 Sirra.
1466 2522 1482 2546 9
1501 2532 1561 2547 suae
1581 2524 1711 2555 potestatis
1725 2522 1801 2547 Sit-111.

144 2567 176 2592 12
195 2569 315 2600 quoniam
329 2568 361 2598 Β,
380 2567 429 2600 (11ἶο
446 2568 498 2597 VJ..
522 2568 623 2600 qnando
642 2569 663 2592 (J
679 2573 700 2591 pt
718 2568 796 2591 Sit-171.
936 2567 967 2591 13
987 2567 1116 2591 recalescit
1136 2574 1158 2590 ct
1180 2566 1285 2590 Ilarlrl.
1310 2566 1472 2589 recalesceret
1493 2566 1552 2589 lilwf
1649 2567 1761 2590 uincitur
1780 2573 1802 2590 91

143 2612 225 2635 tidelis
238 2611 311 2635 LTC
329 2611 369 2642 (Γ
384 2618 407 2635 91
427 2620 482 2643 sup.
503 2611 546 2635 lin.
566 2620 635 2635 7111111.
649 2612 673 2635 2¹
820 2611 851 2634 15»
869 2610 903 2642 sc'}
925 2620 966 2635 see
980 2610 1022 2634 B<¹
1130 2618 1203 2641 pasca
1222 2609 1242 2632 J:
1384 2608 1415 2632 1¹]
1434 2610 1559 2633 antestitis
1572 2609 1595 2632 I:
1701 2619 1802 2633 romamv

143 2663 258 2687 gressum
274 2654 315 2678 ΙΝ
456 2654 490 2678 ‘20
508 2655 576 2679 orbis
591 2654 631 2678 ΙΝ
739 2655 853 2686 {repudia
870 2654 892 2677 l:
996 2654 1102 2677 attonito
1120 2652 1143 2675 Γ
1279 2651 1312 2675 ’.23
1331 2651 1496 2684 evocabatur]
1520 2658 1543 2676 et
1568 2652 1707 2676 uocabatur
1725 2651 1803 2675 Sit-111.

143 2697 174 2721 ‘24
195 2696 230 2729 at]
245 2698 274 2721 ad
291 2697 312 2720 Β
411 2696 444 2720 ‘25
464 2698 616 2721 uisitationis
633 2697 654 2720 ΙΙ
749 2697 784 2720 :50
803 2697 836 2728 «sd
854 2697 995 2728 elegatione
1014 2696 1073 2720 l'll.
1176 2695 1209 2719 :255
1229 2696 1339 2719 culmina
1354 2695 1465 2719 culmina
1480 2695 1519 2719 151
1618 2695 1650 2719 2³14
1671 2695 1747 2718 uitam
1761 2694 1802 2718 ΙΝ

143 2740 176 2764 3ss
195 2741 295 2764 antistis
309 2740 388 2765 Iffl'l',
409 2742 490 2764 umis»
505 2741 554 2764 :tis
571 2741 589 2763 Ι,
693 2740 724 2763 :³17
746 2741 864 2764 sacerdus
880 2740 902 2763 I:
1004 2740 1037 2763 :3³⁴
1055 2739 1200 2763 elemosinis
1214 2738 1292 2762 [577¹.
1311 2738 1473 2769 aelymosinis
1493 2737 1533 2761 l'l.
1635 2737 1668 2761 :350
1687 2739 1768 2762 sulius
1782 2738 1804 2761 ],'

143 2783 172 2807 41
196 2784 283 2807 saltem
303 2783 323 2805 Γ
424 2783 458 2807 41.)
478 2793 557 2815 panae
575 2783 595 2806 Ιί

1824 2089 1857 2118 18
