<?xml version="1.0" encoding="UTF-8"?>
<!DOCTYPE html PUBLIC "-//W3C//DTD XHTML 1.0 Transitional//EN"
    "http://www.w3.org/TR/xhtml1/DTD/xhtml1-transitional.dtd">
<html xmlns="http://www.w3.org/1999/xhtml" xml:lang="en" lang="en">
 <head>
  <title>
</title>
<meta http-equiv="Content-Type" content="text/html;charset=utf-8" />
  <meta name='ocr-system' content='tesseract 3.04.00' />
  <meta name='ocr-capabilities' content='ocr_page ocr_carea ocr_par ocr_line ocrx_word'/>
</head>
<body>
  <div class='ocr_page' id='page_1' title='image "./monumentagermani07geseuoft_0313.png"; bbox 0 0 2163 3135; ppageno 0'>
   <div class='ocr_carea' id='block_1_1' title="bbox 61 720 85 737">
    <p class='ocr_par' dir='ltr' id='par_1_1' title="bbox 61 720 85 737">
     <span class='ocr_line' id='line_1_1' title="bbox 61 720 85 737; baseline -0.083 0"><span class='ocrx_word' id='word_1_1' title='bbox 61 720 85 737; x_wconf 81' lang='grc'>111</span> 
     </span>
    </p>
   </div>
   <div class='ocr_carea' id='block_1_2' title="bbox 62 1240 86 1258">
    <p class='ocr_par' dir='ltr' id='par_1_2' title="bbox 62 1240 86 1258">
     <span class='ocr_line' id='line_1_2' title="bbox 62 1240 86 1258; baseline 0 -3"><span class='ocrx_word' id='word_1_2' title='bbox 62 1240 86 1258; x_wconf 70' lang='lat'>2¹¹</span> 
     </span>
    </p>
   </div>
   <div class='ocr_carea' id='block_1_3' title="bbox 65 1760 90 1778">
    <p class='ocr_par' dir='ltr' id='par_1_3' title="bbox 65 1760 90 1778">
     <span class='ocr_line' id='line_1_3' title="bbox 65 1760 90 1778; baseline -0.04 0"><span class='ocrx_word' id='word_1_3' title='bbox 65 1760 90 1778; x_wconf 80' lang='lat'>30</span> 
     </span>
    </p>
   </div>
   <div class='ocr_carea' id='block_1_4' title="bbox 67 2019 91 2037">
    <p class='ocr_par' dir='ltr' id='par_1_4' title="bbox 67 2019 91 2037">
     <span class='ocr_line' id='line_1_4' title="bbox 67 2019 91 2037; baseline 0 0"><span class='ocrx_word' id='word_1_4' title='bbox 67 2019 91 2037; x_wconf 74' lang='lat'>35</span> 
     </span>
    </p>
   </div>
   <div class='ocr_carea' id='block_1_5' title="bbox 806 155 1791 189">
    <p class='ocr_par' dir='ltr' id='par_1_5' title="bbox 806 155 1791 189">
     <span class='ocr_line' id='line_1_5' title="bbox 806 155 1791 189; baseline 0.008 -10"><span class='ocrx_word' id='word_1_5' title='bbox 806 155 919 181; x_wconf 59' lang='lat' dir='ltr'>cccxx</span> <span class='ocrx_word' id='word_1_6' title='bbox 942 155 1043 183; x_wconf 59' lang='lat' dir='ltr'>(lawr.</span> <span class='ocrx_word' id='word_1_7' title='bbox 1067 158 1116 181; x_wconf 69' lang='grc'>121.</span> <span class='ocrx_word' id='word_1_8' title='bbox 1731 161 1791 189; x_wconf 64' lang='lat'>2:32»</span> 
     </span>
    </p>
   </div>
   <div class='ocr_carea' id='block_1_6' title="bbox 138 241 1846 284">
    <p class='ocr_par' dir='ltr' id='par_1_6' title="bbox 138 241 1846 284">
     <span class='ocr_line' id='line_1_6' title="bbox 138 241 1846 284; baseline 0.002 -13"><span class='ocrx_word' id='word_1_9' title='bbox 138 241 333 272; x_wconf 74' lang='lat' dir='ltr'>satisfacias.</span> <span class='ocrx_word' id='word_1_10' title='bbox 359 241 449 282; x_wconf 83' lang='lat' dir='ltr'>quasi</span> <span class='ocrx_word' id='word_1_11' title='bbox 475 241 622 281; x_wconf 75' lang='lat' dir='ltr'>Aegeum</span> <span class='ocrx_word' id='word_1_12' title='bbox 649 241 796 282; x_wconf 82' lang='lat' dir='ltr'>pelagus.</span> <span class='ocrx_word' id='word_1_13' title='bbox 826 245 861 271; x_wconf 90' lang='lat' dir='ltr'>ut</span> <span class='ocrx_word' id='word_1_14' title='bbox 888 241 1052 282; x_wconf 74' lang='lat' dir='ltr'>l&#39;egaseus</span> <span class='ocrx_word' id='word_1_15' title='bbox 1078 254 1198 284; x_wconf 77' lang='lat' dir='ltr'>gurges</span> <span class='ocrx_word' id='word_1_16' title='bbox 1224 244 1380 274; x_wconf 79' lang='lat' dir='ltr'>inlabere.</span> <span class='ocrx_word' id='word_1_17' title='bbox 1429 248 1502 275; x_wconf 87' lang='lat' dir='ltr'>ante</span> <span class='ocrx_word' id='word_1_18' title='bbox 1528 245 1638 275; x_wconf 78' lang='lat' dir='ltr'>oculos</span> <span class='ocrx_word' id='word_1_19' title='bbox 1663 249 1791 276; x_wconf 78' lang='lat' dir='ltr'>vestros</span> <span class='ocrx_word' id='word_1_20' title='bbox 1829 248 1846 274; x_wconf 76' lang='lat'>5</span> 
     </span>
    </p>
   </div>
   <div class='ocr_carea' id='block_1_7' title="bbox 136 293 1795 337">
    <p class='ocr_par' dir='ltr' id='par_1_7' title="bbox 136 293 1795 337">
     <span class='ocr_line' id='line_1_7' title="bbox 136 293 1795 337; baseline 0.003 -15"><span class='ocrx_word' id='word_1_21' title='bbox 136 296 210 323; x_wconf 81' lang='lat' dir='ltr'>sunt</span> <span class='ocrx_word' id='word_1_22' title='bbox 242 304 363 323; x_wconf 84' lang='lat' dir='ltr'>morum</span> <span class='ocrx_word' id='word_1_23' title='bbox 390 296 572 323; x_wconf 80' lang='lat' dir='ltr'>nostrorum</span> <span class='ocrx_word' id='word_1_24' title='bbox 599 294 624 323; x_wconf 85' lang='lat' dir='ltr'>si</span> <span class='ocrx_word' id='word_1_25' title='bbox 650 293 733 323; x_wconf 81' lang='lat' dir='ltr'>bene</span> <span class='ocrx_word' id='word_1_26' title='bbox 759 294 909 334; x_wconf 77' lang='lat' dir='ltr'>exempla</span> <span class='ocrx_word' id='word_1_27' title='bbox 936 295 1094 325; x_wconf 84' lang='lat' dir='ltr'>retinetis.</span> <span class='ocrx_word' id='word_1_28' title='bbox 1145 295 1255 325; x_wconf 85' lang='lat' dir='ltr'>salvae</span> <span class='ocrx_word' id='word_1_29' title='bbox 1282 298 1355 324; x_wconf 81' lang='lat' dir='ltr'>sunt</span> <span class='ocrx_word' id='word_1_30' title='bbox 1381 306 1602 337; x_wconf 70' lang='lat' dir='ltr'>quast-umque</span> <span class='ocrx_word' id='word_1_31' title='bbox 1629 295 1667 326; x_wconf 85' lang='lat' dir='ltr'>de</span> <span class='ocrx_word' id='word_1_32' title='bbox 1694 307 1795 327; x_wconf 81' lang='lat' dir='ltr'>censu</span> 
     </span>
    </p>
   </div>
   <div class='ocr_carea' id='block_1_8' title="bbox 136 344 1962 2255">
    <p class='ocr_par' dir='ltr' id='par_1_8' title="bbox 136 344 1962 2255">
     <span class='ocr_line' id='line_1_8' title="bbox 136 344 1794 383; baseline 0.003 -10"><span class='ocrx_word' id='word_1_33' title='bbox 136 348 244 374; x_wconf 79' lang='lat' dir='ltr'>vestro</span> <span class='ocrx_word' id='word_1_34' title='bbox 276 344 315 375; x_wconf 85' lang='lat' dir='ltr'>ad</span> <span class='ocrx_word' id='word_1_35' title='bbox 349 355 479 374; x_wconf 83' lang='lat' dir='ltr'>usuram</span> <span class='ocrx_word' id='word_1_36' title='bbox 510 354 655 383; x_wconf 80' lang='lat' dir='ltr'>gemmas</span> <span class='ocrx_word' id='word_1_37' title='bbox 685 344 904 376; x_wconf 76' lang='lat' dir='ltr'>admovemus.</span> <span class='ocrx_word' id='word_1_38' title='bbox 953 357 1029 376; x_wconf 74' lang='lat' dir='ltr'>ecce</span> <span class='ocrx_word' id='word_1_39' title='bbox 1060 346 1213 376; x_wconf 77' lang='lat' dir='ltr'>verticem</span> <span class='ocrx_word' id='word_1_40' title='bbox 1247 357 1352 377; x_wconf 80' lang='lat' dir='ltr'>meum</span> <span class='ocrx_word' id='word_1_41' title='bbox 1384 358 1558 378; x_wconf 74' lang='lat' dir='ltr'>coruscans</span> <span class='ocrx_word' id='word_1_42' title='bbox 1591 348 1661 378; x_wconf 86' lang='lat' dir='ltr'>luce.</span> <span class='ocrx_word' id='word_1_43' title='bbox 1688 352 1794 378; x_wconf 79' lang='lat' dir='ltr'>vestra</span> 
     </span>
     <span class='ocr_line' id='line_1_9' title="bbox 136 395 1793 439; baseline 0.003 -14"><span class='ocrx_word' id='word_1_44' title='bbox 136 395 284 426; x_wconf 87' lang='lat' dir='ltr'>diadema</span> <span class='ocrx_word' id='word_1_45' title='bbox 316 395 467 426; x_wconf 84' lang='lat' dir='ltr'>nobilitat</span> <span class='ocrx_word' id='word_1_46' title='bbox 498 400 529 426; x_wconf 87' lang='lat' dir='ltr'>ct</span> <span class='ocrx_word' id='word_1_47' title='bbox 554 396 770 436; x_wconf 84' lang='lat' dir='ltr'>pretiosorum</span> <span class='ocrx_word' id='word_1_48' title='bbox 798 396 940 437; x_wconf 85' lang='lat' dir='ltr'>lapidum</span> <span class='ocrx_word' id='word_1_49' title='bbox 966 397 1091 437; x_wconf 78' lang='lat' dir='ltr'>fulgore</span> <span class='ocrx_word' id='word_1_50' title='bbox 1119 398 1241 428; x_wconf 85' lang='lat' dir='ltr'>variato</span> <span class='ocrx_word' id='word_1_51' title='bbox 1268 398 1385 428; x_wconf 83' lang='lat' dir='ltr'>crescit</span> <span class='ocrx_word' id='word_1_52' title='bbox 1411 409 1449 429; x_wconf 83' lang='lat' dir='ltr'>ex</span> <span class='ocrx_word' id='word_1_53' title='bbox 1476 399 1586 439; x_wconf 83' lang='lat' dir='ltr'>genio.</span> <span class='ocrx_word' id='word_1_54' title='bbox 1619 399 1693 429; x_wconf 88' lang='grc'>1111111</span> <span class='ocrx_word' id='word_1_55' title='bbox 1719 410 1793 430; x_wconf 76' lang='lat' dir='ltr'>con-</span> 
     </span>
     <span class='ocr_line' id='line_1_10' title="bbox 137 447 1797 491; baseline 0.002 -13"><span class='ocrx_word' id='word_1_56' title='bbox 137 450 287 489; x_wconf 86' lang='lat' dir='ltr'>petenter</span> <span class='ocrx_word' id='word_1_57' title='bbox 311 447 502 478; x_wconf 83' lang='lat' dir='ltr'>ostenditur.</span> <span class='ocrx_word' id='word_1_58' title='bbox 550 459 568 477; x_wconf 88' lang='lat' dir='ltr'>a.</span> <span class='ocrx_word' id='word_1_59' title='bbox 592 447 683 478; x_wconf 86' lang='lat' dir='ltr'>vobis</span> <span class='ocrx_word' id='word_1_60' title='bbox 715 447 855 478; x_wconf 83' lang='lat' dir='ltr'>radicem</span> <span class='ocrx_word' id='word_1_61' title='bbox 884 452 1015 479; x_wconf 83' lang='lat' dir='ltr'>sumunt</span> <span class='ocrx_word' id='word_1_62' title='bbox 1044 449 1192 479; x_wconf 50' lang='lat' dir='ltr'>instituta,</span> <span class='ocrx_word' id='word_1_63' title='bbox 1224 450 1421 491; x_wconf 79' lang='lat' dir='ltr'>sapientiae.</span> <span class='ocrx_word' id='word_1_64' title='bbox 1455 461 1514 491; x_wconf 85' lang='lat' dir='ltr'>per</span> <span class='ocrx_word' id='word_1_65' title='bbox 1538 462 1595 481; x_wconf 69' lang='lat' dir='ltr'>vos</span> <span class='ocrx_word' id='word_1_66' title='bbox 1625 451 1797 482; x_wconf 85' lang='lat' dir='ltr'>informata</span> 
     </span>
     <span class='ocr_line' id='line_1_11' title="bbox 136 499 1850 543; baseline 0.001 -14"><span class='ocrx_word' id='word_1_67' title='bbox 136 500 353 540; x_wconf 86' lang='lat' dir='ltr'>proferuntur.</span> <span class='ocrx_word' id='word_1_68' title='bbox 401 500 508 530; x_wconf 85' lang='lat' dir='ltr'>nullus</span> <span class='ocrx_word' id='word_1_69' title='bbox 541 499 610 530; x_wconf 88' lang='lat' dir='ltr'>sinc</span> <span class='ocrx_word' id='word_1_70' title='bbox 643 499 734 530; x_wconf 87' lang='lat' dir='ltr'>vobis</span> <span class='ocrx_word' id='word_1_71' title='bbox 767 500 892 540; x_wconf 84' lang='lat' dir='ltr'>pectori</span> <span class='ocrx_word' id='word_1_72' title='bbox 923 511 1018 541; x_wconf 84' lang='lat' dir='ltr'>sapor</span> <span class='ocrx_word' id='word_1_73' title='bbox 1051 503 1101 531; x_wconf 79' lang='lat' dir='ltr'>est</span> <span class='ocrx_word' id='word_1_74' title='bbox 1131 511 1190 532; x_wconf 88' lang='lat' dir='ltr'>uec</span> <span class='ocrx_word' id='word_1_75' title='bbox 1224 501 1357 532; x_wconf 84' lang='lat' dir='ltr'>libertas</span> <span class='ocrx_word' id='word_1_76' title='bbox 1389 502 1528 543; x_wconf 85' lang='lat' dir='ltr'>cloquio.</span> <span class='ocrx_word' id='word_1_77' title='bbox 1576 513 1631 533; x_wconf 77' lang='lat' dir='ltr'>vos</span> <span class='ocrx_word' id='word_1_78' title='bbox 1664 503 1794 543; x_wconf 85' lang='lat' dir='ltr'>ingenui</span> <span class='ocrx_word' id='word_1_79' title='bbox 1832 505 1850 532; x_wconf 63' lang='grc' dir='ltr'>Γ)</span> 
     </span>
     <span class='ocr_line' id='line_1_12' title="bbox 136 551 1794 595; baseline 0.002 -14"><span class='ocrx_word' id='word_1_80' title='bbox 136 551 357 582; x_wconf 83' lang='lat' dir='ltr'>testimouium</span> <span class='ocrx_word' id='word_1_81' title='bbox 388 551 570 592; x_wconf 84' lang='lat' dir='ltr'>sanguinis.</span> <span class='ocrx_word' id='word_1_82' title='bbox 603 562 658 581; x_wconf 90' lang='lat' dir='ltr'>vos</span> <span class='ocrx_word' id='word_1_83' title='bbox 683 552 819 582; x_wconf 82' lang='lat' dir='ltr'>materia</span> <span class='ocrx_word' id='word_1_84' title='bbox 847 551 992 593; x_wconf 84' lang='lat' dir='ltr'>pudoris.</span> <span class='ocrx_word' id='word_1_85' title='bbox 1029 562 1086 593; x_wconf 86' lang='lat' dir='ltr'>per</span> <span class='ocrx_word' id='word_1_86' title='bbox 1112 563 1167 583; x_wconf 86' lang='lat' dir='ltr'>vos</span> <span class='ocrx_word' id='word_1_87' title='bbox 1193 553 1278 593; x_wconf 85' lang='lat' dir='ltr'>quod</span> <span class='ocrx_word' id='word_1_88' title='bbox 1303 553 1384 583; x_wconf 84' lang='lat' dir='ltr'>benc</span> <span class='ocrx_word' id='word_1_89' title='bbox 1410 564 1464 583; x_wconf 87' lang='lat' dir='ltr'>cor</span> <span class='ocrx_word' id='word_1_90' title='bbox 1489 553 1662 585; x_wconf 74' lang='lat' dir='ltr'>dictaverit</span> <span class='ocrx_word' id='word_1_91' title='bbox 1686 554 1794 595; x_wconf 84' lang='lat' dir='ltr'>lingua</span> 
     </span>
     <span class='ocr_line' id='line_1_13' title="bbox 136 602 1796 646; baseline 0.002 -14"><span class='ocrx_word' id='word_1_92' title='bbox 136 602 347 643; x_wconf 79' lang='lat' dir='ltr'>proloquitur.</span> <span class='ocrx_word' id='word_1_93' title='bbox 395 602 434 633; x_wconf 89' lang='lat' dir='ltr'>ad</span> <span class='ocrx_word' id='word_1_94' title='bbox 466 603 723 644; x_wconf 69' lang='lat' dir='ltr'>investigandam</span> <span class='ocrx_word' id='word_1_95' title='bbox 754 603 816 634; x_wconf 80' lang='lat' dir='ltr'>iter</span> <span class='ocrx_word' id='word_1_96' title='bbox 847 604 1001 634; x_wconf 81' lang='lat' dir='ltr'>iustitiam</span> <span class='ocrx_word' id='word_1_97' title='bbox 1034 615 1089 634; x_wconf 82' lang='lat' dir='ltr'>vos</span> <span class='ocrx_word' id='word_1_98' title='bbox 1120 604 1298 645; x_wconf 81' lang='lat' dir='ltr'>praebetis.</span> <span class='ocrx_word' id='word_1_99' title='bbox 1329 605 1404 635; x_wconf 89' lang='lat' dir='ltr'>dum</span> <span class='ocrx_word' id='word_1_100' title='bbox 1437 616 1626 646; x_wconf 84' lang='lat' dir='ltr'>oppressum</span> <span class='ocrx_word' id='word_1_101' title='bbox 1658 605 1796 636; x_wconf 87' lang='lat' dir='ltr'>dumetis</span> 
     </span>
     <span class='ocr_line' id='line_1_14' title="bbox 137 653 1798 699; baseline 0.003 -16"><span class='ocrx_word' id='word_1_102' title='bbox 137 653 269 687; x_wconf 76' lang='lat' dir='ltr'>callem,</span> <span class='ocrx_word' id='word_1_103' title='bbox 305 665 368 695; x_wconf 87' lang='lat' dir='ltr'>qno</span> <span class='ocrx_word' id='word_1_104' title='bbox 402 658 600 696; x_wconf 82' lang='lat' dir='ltr'>expetuntur</span> <span class='ocrx_word' id='word_1_105' title='bbox 635 666 789 697; x_wconf 78' lang='lat' dir='ltr'>superna..</span> <span class='ocrx_word' id='word_1_106' title='bbox 828 657 1000 697; x_wconf 84' lang='lat' dir='ltr'>purgastis.</span> <span class='ocrx_word' id='word_1_107' title='bbox 1049 667 1105 687; x_wconf 86' lang='lat' dir='ltr'>vos</span> <span class='ocrx_word' id='word_1_108' title='bbox 1142 657 1302 687; x_wconf 89' lang='lat' dir='ltr'>triticeam</span> <span class='ocrx_word' id='word_1_109' title='bbox 1341 657 1381 688; x_wconf 86' lang='lat' dir='ltr'>de</span> <span class='ocrx_word' id='word_1_110' title='bbox 1418 657 1502 688; x_wconf 87' lang='lat' dir='ltr'>loliis</span> <span class='ocrx_word' id='word_1_111' title='bbox 1541 662 1704 699; x_wconf 71' lang='lat' dir='ltr'>segetem,</span> <span class='ocrx_word' id='word_1_112' title='bbox 1740 668 1798 688; x_wconf 82' lang='lat' dir='ltr'>vos</span> 
     </span>
     <span class='ocr_line' id='line_1_15' title="bbox 138 706 1798 749; baseline 0.003 -14"><span class='ocrx_word' id='word_1_113' title='bbox 138 706 293 737; x_wconf 87' lang='lat' dir='ltr'>fecundas</span> <span class='ocrx_word' id='word_1_114' title='bbox 328 706 367 738; x_wconf 88' lang='lat' dir='ltr'>de</span> <span class='ocrx_word' id='word_1_115' title='bbox 404 707 577 738; x_wconf 84' lang='lat' dir='ltr'>sterilitate</span> <span class='ocrx_word' id='word_1_116' title='bbox 610 707 814 748; x_wconf 85' lang='lat' dir='ltr'>ingeniorum</span> <span class='ocrx_word' id='word_1_117' title='bbox 847 708 961 748; x_wconf 81' lang='lat' dir='ltr'>glebas</span> <span class='ocrx_word' id='word_1_118' title='bbox 1001 709 1130 738; x_wconf 82' lang='lat' dir='ltr'>efficitis</span> <span class='ocrx_word' id='word_1_119' title='bbox 1163 712 1195 738; x_wconf 85' lang='lat' dir='ltr'>ct</span> <span class='ocrx_word' id='word_1_120' title='bbox 1231 708 1381 749; x_wconf 84' lang='lat' dir='ltr'>gravidas</span> <span class='ocrx_word' id='word_1_121' title='bbox 1415 709 1534 739; x_wconf 84' lang='lat' dir='ltr'>aristas</span> <span class='ocrx_word' id='word_1_122' title='bbox 1569 709 1609 740; x_wconf 82' lang='lat' dir='ltr'>ad</span> <span class='ocrx_word' id='word_1_123' title='bbox 1643 709 1798 740; x_wconf 82' lang='lat' dir='ltr'>scientiae</span> 
     </span>
     <span class='ocr_line' id='line_1_16' title="bbox 138 757 1851 801; baseline 0.001 -13"><span class='ocrx_word' id='word_1_124' title='bbox 138 757 269 791; x_wconf 80' lang='lat' dir='ltr'>horrea.</span> <span class='ocrx_word' id='word_1_125' title='bbox 312 770 351 789; x_wconf 87' lang='lat' dir='ltr'>ne</span> <span class='ocrx_word' id='word_1_126' title='bbox 387 759 488 790; x_wconf 87' lang='lat' dir='ltr'>fames</span> <span class='ocrx_word' id='word_1_127' title='bbox 524 759 681 790; x_wconf 77' lang='lat' dir='ltr'>infantiae</span> <span class='ocrx_word' id='word_1_128' title='bbox 717 759 819 801; x_wconf 80' lang='lat' dir='ltr'>possit</span> <span class='ocrx_word' id='word_1_129' title='bbox 855 760 1060 801; x_wconf 78' lang='lat' dir='ltr'>praevalere.</span> <span class='ocrx_word' id='word_1_130' title='bbox 1103 760 1250 801; x_wconf 83' lang='lat' dir='ltr'>portatis.</span> <span class='ocrx_word' id='word_1_131' title='bbox 1308 760 1446 791; x_wconf 83' lang='lat' dir='ltr'>mundae</span> <span class='ocrx_word' id='word_1_132' title='bbox 1482 761 1621 791; x_wconf 89' lang='lat' dir='ltr'>nitorem</span> <span class='ocrx_word' id='word_1_133' title='bbox 1657 761 1798 792; x_wconf 87' lang='lat' dir='ltr'>familiae</span> <span class='ocrx_word' id='word_1_134' title='bbox 1835 763 1851 790; x_wconf 78' lang='lat'>7</span> 
     </span>
     <span class='ocr_line' id='line_1_17' title="bbox 138 809 1799 853; baseline 0.002 -14"><span class='ocrx_word' id='word_1_135' title='bbox 138 809 299 840; x_wconf 86' lang='lat' dir='ltr'>servando</span> <span class='ocrx_word' id='word_1_136' title='bbox 325 811 499 842; x_wconf 82' lang='lat' dir='ltr'>obscenam</span> <span class='ocrx_word' id='word_1_137' title='bbox 525 812 711 853; x_wconf 71' lang='lat' dir='ltr'>prosapiem</span> <span class='ocrx_word' id='word_1_138' title='bbox 737 812 910 853; x_wconf 83' lang='lat' dir='ltr'>peregrina</span> <span class='ocrx_word' id='word_1_139' title='bbox 936 812 1007 842; x_wconf 88' lang='lat' dir='ltr'>luce</span> <span class='ocrx_word' id='word_1_140' title='bbox 1034 811 1239 853; x_wconf 70' lang='lat' dir='ltr'>perfunditis.</span> <span class='ocrx_word' id='word_1_141' title='bbox 1281 811 1342 842; x_wconf 88' lang='lat' dir='ltr'>deo</span> <span class='ocrx_word' id='word_1_142' title='bbox 1368 813 1516 853; x_wconf 82' lang='lat' dir='ltr'>proxima</span> <span class='ocrx_word' id='word_1_143' title='bbox 1542 823 1592 843; x_wconf 88' lang='lat' dir='ltr'>res</span> <span class='ocrx_word' id='word_1_144' title='bbox 1618 816 1668 843; x_wconf 84' lang='lat' dir='ltr'>est</span> <span class='ocrx_word' id='word_1_145' title='bbox 1691 816 1799 843; x_wconf 86' lang='lat' dir='ltr'>vestro</span> 
     </span>
     <span class='ocr_line' id='line_1_18' title="bbox 138 861 1800 905; baseline 0.002 -14"><span class='ocrx_word' id='word_1_146' title='bbox 138 861 243 892; x_wconf 87' lang='lat' dir='ltr'>infusa</span> <span class='ocrx_word' id='word_1_147' title='bbox 274 862 448 895; x_wconf 71' lang='lat' dir='ltr'>beneficio,</span> <span class='ocrx_word' id='word_1_148' title='bbox 482 863 555 893; x_wconf 90' lang='lat' dir='ltr'>dum</span> <span class='ocrx_word' id='word_1_149' title='bbox 586 874 644 905; x_wconf 86' lang='lat' dir='ltr'>per</span> <span class='ocrx_word' id='word_1_150' title='bbox 672 874 785 894; x_wconf 85' lang='lat' dir='ltr'>cursus</span> <span class='ocrx_word' id='word_1_151' title='bbox 811 864 1066 895; x_wconf 74' lang='lat' dir='ltr'>elucubrationis</span> <span class='ocrx_word' id='word_1_152' title='bbox 1092 864 1246 898; x_wconf 83' lang='lat' dir='ltr'>traditae.</span> <span class='ocrx_word' id='word_1_153' title='bbox 1277 875 1317 894; x_wconf 90' lang='lat' dir='ltr'>nc</span> <span class='ocrx_word' id='word_1_154' title='bbox 1342 864 1455 905; x_wconf 87' lang='lat' dir='ltr'>optimi</span> <span class='ocrx_word' id='word_1_155' title='bbox 1481 863 1683 905; x_wconf 79' lang='lat' dir='ltr'>degenerent</span> <span class='ocrx_word' id='word_1_156' title='bbox 1709 868 1741 895; x_wconf 86' lang='lat' dir='ltr'>et</span> <span class='ocrx_word' id='word_1_157' title='bbox 1765 869 1800 895; x_wconf 84' lang='lat' dir='ltr'>ut</span> 
     </span>
     <span class='ocr_line' id='line_1_19' title="bbox 138 913 1799 957; baseline 0.002 -13"><span class='ocrx_word' id='word_1_158' title='bbox 138 914 214 944; x_wconf 88' lang='lat' dir='ltr'>mali</span> <span class='ocrx_word' id='word_1_159' title='bbox 239 913 452 955; x_wconf 68' lang='lat' dir='ltr'>degenerent,</span> <span class='ocrx_word' id='word_1_160' title='bbox 477 915 567 946; x_wconf 81' lang='lat' dir='ltr'>salva</span> <span class='ocrx_word' id='word_1_161' title='bbox 593 919 801 946; x_wconf 81' lang='lat' dir='ltr'>stemmatum</span> <span class='ocrx_word' id='word_1_162' title='bbox 819 916 957 947; x_wconf 81' lang='lat' dir='ltr'>veritate</span> <span class='ocrx_word' id='word_1_163' title='bbox 977 919 1168 957; x_wconf 68' lang='lat' dir='ltr'>praestatur.</span> <span class='ocrx_word' id='word_1_164' title='bbox 1211 927 1268 956; x_wconf 84' lang='lat' dir='ltr'>per</span> <span class='ocrx_word' id='word_1_165' title='bbox 1286 926 1342 946; x_wconf 87' lang='lat' dir='ltr'>vos</span> <span class='ocrx_word' id='word_1_166' title='bbox 1361 915 1401 946; x_wconf 88' lang='lat' dir='ltr'>dc</span> <span class='ocrx_word' id='word_1_167' title='bbox 1427 916 1636 946; x_wconf 77' lang='lat' dir='ltr'>innocentum</span> <span class='ocrx_word' id='word_1_168' title='bbox 1662 916 1799 949; x_wconf 75' lang='lat' dir='ltr'>actibus.</span> 
     </span>
     <span class='ocr_line' id='line_1_20' title="bbox 138 965 1800 1009; baseline 0.002 -14"><span class='ocrx_word' id='word_1_169' title='bbox 138 976 221 1007; x_wconf 86' lang='lat' dir='ltr'>quae</span> <span class='ocrx_word' id='word_1_170' title='bbox 245 965 285 996; x_wconf 86' lang='lat' dir='ltr'>ad</span> <span class='ocrx_word' id='word_1_171' title='bbox 310 966 555 997; x_wconf 78' lang='lat' dir='ltr'>instructionem</span> <span class='ocrx_word' id='word_1_172' title='bbox 582 968 787 1008; x_wconf 84' lang='lat' dir='ltr'>sequentium</span> <span class='ocrx_word' id='word_1_173' title='bbox 813 968 1034 1009; x_wconf 64' lang='lat' dir='ltr'>pertinebant,</span> <span class='ocrx_word' id='word_1_174' title='bbox 1067 971 1160 1008; x_wconf 83' lang='lat' dir='ltr'>gesta</span> <span class='ocrx_word' id='word_1_175' title='bbox 1184 978 1247 998; x_wconf 86' lang='lat' dir='ltr'>uon</span> <span class='ocrx_word' id='word_1_176' title='bbox 1274 970 1429 1009; x_wconf 86' lang='lat' dir='ltr'>pereunt:</span> <span class='ocrx_word' id='word_1_177' title='bbox 1461 968 1577 998; x_wconf 83' lang='lat' dir='ltr'>vestris</span> <span class='ocrx_word' id='word_1_178' title='bbox 1605 968 1634 998; x_wconf 91' lang='lat' dir='ltr'>iu</span> <span class='ocrx_word' id='word_1_179' title='bbox 1660 967 1800 998; x_wconf 88' lang='lat' dir='ltr'>medium</span> 
     </span>
     <span class='ocr_line' id='line_1_21' title="bbox 138 1018 1800 1061; baseline 0.001 -13"><span class='ocrx_word' id='word_1_180' title='bbox 138 1018 261 1048; x_wconf 85' lang='lat' dir='ltr'>catenis</span> <span class='ocrx_word' id='word_1_181' title='bbox 292 1021 453 1049; x_wconf 84' lang='lat' dir='ltr'>transacta</span> <span class='ocrx_word' id='word_1_182' title='bbox 486 1019 686 1049; x_wconf 88' lang='lat' dir='ltr'>reducuntur</span> <span class='ocrx_word' id='word_1_183' title='bbox 717 1025 749 1050; x_wconf 85' lang='lat' dir='ltr'>et</span> <span class='ocrx_word' id='word_1_184' title='bbox 778 1020 905 1061; x_wconf 79' lang='lat' dir='ltr'>sepulta</span> <span class='ocrx_word' id='word_1_185' title='bbox 937 1020 1151 1050; x_wconf 74' lang='lat' dir='ltr'>reviviscunt:</span> <span class='ocrx_word' id='word_1_186' title='bbox 1188 1030 1243 1050; x_wconf 81' lang='lat' dir='ltr'>vos</span> <span class='ocrx_word' id='word_1_187' title='bbox 1273 1019 1488 1050; x_wconf 86' lang='lat' dir='ltr'>iustrumenta</span> <span class='ocrx_word' id='word_1_188' title='bbox 1518 1020 1709 1051; x_wconf 74' lang='lat' dir='ltr'>raemoriae.</span> <span class='ocrx_word' id='word_1_189' title='bbox 1746 1030 1800 1049; x_wconf 75' lang='lat' dir='ltr'>vos</span> 
     </span>
     <span class='ocr_line' id='line_1_22' title="bbox 138 1069 1855 1112; baseline 0.002 -13"><span class='ocrx_word' id='word_1_190' title='bbox 138 1080 236 1100; x_wconf 89' lang='lat' dir='ltr'>causa</span> <span class='ocrx_word' id='word_1_191' title='bbox 265 1069 407 1111; x_wconf 64' lang='lat' dir='ltr'>pietatis</span> <span class='ocrx_word' id='word_1_192' title='bbox 455 1071 571 1101; x_wconf 85' lang='lat' dir='ltr'>vestris</span> <span class='ocrx_word' id='word_1_193' title='bbox 596 1071 780 1101; x_wconf 79' lang='lat' dir='ltr'>vomeribus</span> <span class='ocrx_word' id='word_1_194' title='bbox 815 1071 945 1102; x_wconf 85' lang='lat' dir='ltr'>humani</span> <span class='ocrx_word' id='word_1_195' title='bbox 976 1072 1118 1112; x_wconf 85' lang='lat' dir='ltr'>pectoris</span> <span class='ocrx_word' id='word_1_196' title='bbox 1153 1071 1249 1102; x_wconf 87' lang='lat' dir='ltr'>tellus</span> <span class='ocrx_word' id='word_1_197' title='bbox 1282 1071 1322 1101; x_wconf 91' lang='lat' dir='ltr'>ad</span> <span class='ocrx_word' id='word_1_198' title='bbox 1347 1071 1581 1102; x_wconf 86' lang='lat' dir='ltr'>fecunditatem</span> <span class='ocrx_word' id='word_1_199' title='bbox 1608 1075 1798 1112; x_wconf 86' lang='lat' dir='ltr'>praeparata</span> <span class='ocrx_word' id='word_1_200' title='bbox 1837 1076 1855 1103; x_wconf 66' lang='lat' dir='ltr'>b</span> 
     </span>
     <span class='ocr_line' id='line_1_23' title="bbox 140 1121 1802 1164; baseline 0.001 -13"><span class='ocrx_word' id='word_1_201' title='bbox 140 1121 347 1152; x_wconf 80' lang='lat' dir='ltr'>describitur:</span> <span class='ocrx_word' id='word_1_202' title='bbox 387 1133 444 1153; x_wconf 88' lang='lat' dir='ltr'>vos</span> <span class='ocrx_word' id='word_1_203' title='bbox 481 1123 647 1163; x_wconf 82' lang='lat' dir='ltr'>religionis</span> <span class='ocrx_word' id='word_1_204' title='bbox 684 1126 849 1154; x_wconf 75' lang='lat' dir='ltr'>auctores.</span> <span class='ocrx_word' id='word_1_205' title='bbox 884 1134 940 1153; x_wconf 82' lang='lat' dir='ltr'>vos</span> <span class='ocrx_word' id='word_1_206' title='bbox 972 1123 1079 1154; x_wconf 81' lang='lat' dir='ltr'>hostes</span> <span class='ocrx_word' id='word_1_207' title='bbox 1109 1123 1289 1153; x_wconf 88' lang='lat' dir='ltr'>eriminum.</span> <span class='ocrx_word' id='word_1_208' title='bbox 1339 1123 1430 1153; x_wconf 82' lang='lat' dir='ltr'>vobis</span> <span class='ocrx_word' id='word_1_209' title='bbox 1461 1122 1598 1153; x_wconf 84' lang='lat' dir='ltr'>ducibus</span> <span class='ocrx_word' id='word_1_210' title='bbox 1630 1134 1713 1164; x_wconf 80' lang='lat' dir='ltr'>quae</span> <span class='ocrx_word' id='word_1_211' title='bbox 1744 1134 1802 1164; x_wconf 91' lang='lat' dir='ltr'>pcr</span> 
     </span>
     <span class='ocr_line' id='line_1_24' title="bbox 142 1173 1798 1216; baseline 0.001 -13"><span class='ocrx_word' id='word_1_212' title='bbox 142 1184 235 1204; x_wconf 84' lang='lat' dir='ltr'>usum</span> <span class='ocrx_word' id='word_1_213' title='bbox 261 1173 445 1216; x_wconf 88' lang='lat' dir='ltr'>subripiunt</span> <span class='ocrx_word' id='word_1_214' title='bbox 469 1173 679 1205; x_wconf 86' lang='lat' dir='ltr'>dediscuntur</span> <span class='ocrx_word' id='word_1_215' title='bbox 704 1175 838 1210; x_wconf 76' lang='lat' dir='ltr'>scelera,</span> <span class='ocrx_word' id='word_1_216' title='bbox 864 1186 920 1216; x_wconf 79' lang='lat' dir='ltr'>per</span> <span class='ocrx_word' id='word_1_217' title='bbox 938 1186 1017 1216; x_wconf 85' lang='lat' dir='ltr'>quas</span> <span class='ocrx_word' id='word_1_218' title='bbox 1036 1175 1120 1206; x_wconf 84' lang='lat' dir='ltr'>bona</span> <span class='ocrx_word' id='word_1_219' title='bbox 1137 1175 1319 1206; x_wconf 80' lang='lat' dir='ltr'>discuntur:</span> <span class='ocrx_word' id='word_1_220' title='bbox 1345 1178 1400 1205; x_wconf 87' lang='lat' dir='ltr'>aut</span> <span class='ocrx_word' id='word_1_221' title='bbox 1417 1175 1456 1205; x_wconf 85' lang='lat' dir='ltr'>ad</span> <span class='ocrx_word' id='word_1_222' title='bbox 1474 1175 1631 1205; x_wconf 88' lang='lat' dir='ltr'>directum</span> <span class='ocrx_word' id='word_1_223' title='bbox 1650 1174 1798 1205; x_wconf 82' lang='lat' dir='ltr'>homines</span> 
     </span>
     <span class='ocr_line' id='line_1_25' title="bbox 140 1226 1802 1268; baseline 0.001 -13"><span class='ocrx_word' id='word_1_224' title='bbox 140 1226 266 1267; x_wconf 85' lang='lat' dir='ltr'>augetis</span> <span class='ocrx_word' id='word_1_225' title='bbox 296 1226 495 1267; x_wconf 86' lang='lat' dir='ltr'>propositum</span> <span class='ocrx_word' id='word_1_226' title='bbox 526 1230 581 1257; x_wconf 86' lang='lat' dir='ltr'>aut</span> <span class='ocrx_word' id='word_1_227' title='bbox 614 1227 746 1257; x_wconf 88' lang='lat' dir='ltr'>mutatis</span> <span class='ocrx_word' id='word_1_228' title='bbox 772 1227 950 1268; x_wconf 84' lang='lat' dir='ltr'>obliquum.</span> <span class='ocrx_word' id='word_1_229' title='bbox 999 1231 1104 1257; x_wconf 86' lang='lat' dir='ltr'>vestro</span> <span class='ocrx_word' id='word_1_230' title='bbox 1130 1228 1244 1258; x_wconf 80' lang='lat' dir='ltr'>exules</span> <span class='ocrx_word' id='word_1_231' title='bbox 1269 1230 1426 1257; x_wconf 83' lang='lat' dir='ltr'>ornantur</span> <span class='ocrx_word' id='word_1_232' title='bbox 1450 1227 1568 1257; x_wconf 87' lang='lat' dir='ltr'>indicio</span> <span class='ocrx_word' id='word_1_233' title='bbox 1594 1231 1626 1257; x_wconf 88' lang='lat' dir='ltr'>ct</span> <span class='ocrx_word' id='word_1_234' title='bbox 1650 1238 1668 1257; x_wconf 81' lang='lat' dir='ltr'>a</span> <span class='ocrx_word' id='word_1_235' title='bbox 1693 1226 1802 1257; x_wconf 87' lang='lat' dir='ltr'>mundi</span> 
     </span>
     <span class='ocr_line' id='line_1_26' title="bbox 139 1277 1857 1311; baseline 0.001 -4"><span class='ocrx_word' id='word_1_236' title='bbox 139 1277 336 1308; x_wconf 82' lang='lat' dir='ltr'>culminibus</span> <span class='ocrx_word' id='word_1_237' title='bbox 367 1278 531 1308; x_wconf 85' lang='lat' dir='ltr'>seiunctos</span> <span class='ocrx_word' id='word_1_238' title='bbox 560 1289 617 1308; x_wconf 83' lang='lat' dir='ltr'>vos</span> <span class='ocrx_word' id='word_1_239' title='bbox 651 1279 740 1309; x_wconf 82' lang='lat' dir='ltr'>caelo</span> <span class='ocrx_word' id='word_1_240' title='bbox 773 1279 916 1309; x_wconf 82' lang='lat' dir='ltr'>sociatis.</span> <span class='ocrx_word' id='word_1_241' title='bbox 968 1279 1069 1310; x_wconf 86' lang='lat' dir='ltr'>malas</span> <span class='ocrx_word' id='word_1_242' title='bbox 1105 1279 1322 1309; x_wconf 75' lang='lat' dir='ltr'>coiiscientias</span> <span class='ocrx_word' id='word_1_243' title='bbox 1357 1282 1411 1309; x_wconf 89' lang='lat' dir='ltr'>aut</span> <span class='ocrx_word' id='word_1_244' title='bbox 1442 1279 1560 1309; x_wconf 87' lang='lat' dir='ltr'>intrare</span> <span class='ocrx_word' id='word_1_245' title='bbox 1595 1278 1803 1309; x_wconf 84' lang='lat' dir='ltr'>contemnitis</span> <span class='ocrx_word' id='word_1_246' title='bbox 1839 1284 1857 1311; x_wconf 66' lang='grc'><strong>9</strong></span> 
     </span>
     <span class='ocr_line' id='line_1_27' title="bbox 139 1329 1803 1372; baseline 0.001 -13"><span class='ocrx_word' id='word_1_247' title='bbox 139 1332 195 1359; x_wconf 85' lang='lat' dir='ltr'>aut</span> <span class='ocrx_word' id='word_1_248' title='bbox 218 1329 252 1360; x_wconf 92' lang='lat' dir='ltr'>in</span> <span class='ocrx_word' id='word_1_249' title='bbox 282 1330 459 1360; x_wconf 81' lang='lat' dir='ltr'>sacrarium</span> <span class='ocrx_word' id='word_1_250' title='bbox 491 1330 660 1371; x_wconf 78' lang='lat' dir='ltr'>ingressae</span> <span class='ocrx_word' id='word_1_251' title='bbox 691 1330 859 1361; x_wconf 87' lang='lat' dir='ltr'>dedicatis.</span> <span class='ocrx_word' id='word_1_252' title='bbox 908 1331 1050 1361; x_wconf 83' lang='lat' dir='ltr'>facessat</span> <span class='ocrx_word' id='word_1_253' title='bbox 1075 1343 1092 1361; x_wconf 89' lang='lat' dir='ltr'>a</span> <span class='ocrx_word' id='word_1_254' title='bbox 1117 1331 1233 1362; x_wconf 84' lang='lat' dir='ltr'>litteris</span> <span class='ocrx_word' id='word_1_255' title='bbox 1258 1331 1308 1361; x_wconf 89' lang='lat' dir='ltr'>vel</span> <span class='ocrx_word' id='word_1_256' title='bbox 1334 1334 1459 1361; x_wconf 81' lang='lat' dir='ltr'>mutare</span> <span class='ocrx_word' id='word_1_257' title='bbox 1485 1331 1570 1372; x_wconf 89' lang='lat' dir='ltr'>quod</span> <span class='ocrx_word' id='word_1_258' title='bbox 1596 1330 1728 1371; x_wconf 88' lang='lat' dir='ltr'>dignum</span> <span class='ocrx_word' id='word_1_259' title='bbox 1754 1334 1803 1361; x_wconf 88' lang='lat' dir='ltr'>est</span> 
     </span>
     <span class='ocr_line' id='line_1_28' title="bbox 141 1381 1806 1424; baseline 0 -13"><span class='ocrx_word' id='word_1_260' title='bbox 141 1381 192 1411; x_wconf 87' lang='lat' dir='ltr'>vel</span> <span class='ocrx_word' id='word_1_261' title='bbox 217 1391 281 1412; x_wconf 91' lang='lat' dir='ltr'>non</span> <span class='ocrx_word' id='word_1_262' title='bbox 306 1385 432 1413; x_wconf 84' lang='lat' dir='ltr'>mutare</span> <span class='ocrx_word' id='word_1_263' title='bbox 457 1381 541 1423; x_wconf 90' lang='lat' dir='ltr'>quod</span> <span class='ocrx_word' id='word_1_264' title='bbox 567 1382 712 1413; x_wconf 83' lang='lat' dir='ltr'>noxium.</span> <span class='ocrx_word' id='word_1_265' title='bbox 753 1383 869 1413; x_wconf 86' lang='lat' dir='ltr'>vestris</span> <span class='ocrx_word' id='word_1_266' title='bbox 895 1382 1082 1413; x_wconf 86' lang='lat' dir='ltr'>vulneribus</span> <span class='ocrx_word' id='word_1_267' title='bbox 1108 1383 1196 1413; x_wconf 86' lang='lat' dir='ltr'>nulla</span> <span class='ocrx_word' id='word_1_268' title='bbox 1223 1393 1279 1424; x_wconf 89' lang='lat' dir='ltr'>per</span> <span class='ocrx_word' id='word_1_269' title='bbox 1304 1382 1476 1423; x_wconf 65' lang='lat' dir='ltr'>chalybem</span> <span class='ocrx_word' id='word_1_270' title='bbox 1495 1383 1629 1413; x_wconf 83' lang='lat' dir='ltr'>vestitos</span> <span class='ocrx_word' id='word_1_271' title='bbox 1655 1381 1806 1412; x_wconf 80' lang='lat' dir='ltr'>subducit.</span> 
     </span>
     <span class='ocr_line' id='line_1_29' title="bbox 141 1433 1801 1476; baseline -0.001 -13"><span class='ocrx_word' id='word_1_272' title='bbox 141 1433 326 1464; x_wconf 69' lang='lat' dir='ltr'>instructio:</span> <span class='ocrx_word' id='word_1_273' title='bbox 352 1434 393 1464; x_wconf 89' lang='lat' dir='ltr'>ad</span> <span class='ocrx_word' id='word_1_274' title='bbox 418 1434 601 1476; x_wconf 61' lang='lat' dir='ltr'>penetralia.</span> <span class='ocrx_word' id='word_1_275' title='bbox 626 1434 765 1468; x_wconf 77' lang='lat' dir='ltr'>illorum.</span> <span class='ocrx_word' id='word_1_276' title='bbox 791 1438 824 1466; x_wconf 91' lang='lat' dir='ltr'>et</span> <span class='ocrx_word' id='word_1_277' title='bbox 846 1445 927 1476; x_wconf 82' lang='lat' dir='ltr'>quos</span> <span class='ocrx_word' id='word_1_278' title='bbox 949 1435 1067 1465; x_wconf 86' lang='lat' dir='ltr'>ferrum</span> <span class='ocrx_word' id='word_1_279' title='bbox 1087 1435 1217 1467; x_wconf 80' lang='lat' dir='ltr'>texerit.</span> <span class='ocrx_word' id='word_1_280' title='bbox 1244 1434 1432 1475; x_wconf 86' lang='lat' dir='ltr'>pervenitis.</span> <span class='ocrx_word' id='word_1_281' title='bbox 1473 1435 1589 1465; x_wconf 82' lang='lat' dir='ltr'>vestris</span> <span class='ocrx_word' id='word_1_282' title='bbox 1607 1433 1801 1464; x_wconf 82' lang='lat' dir='ltr'>umbonibus</span> 
     </span>
     <span class='ocr_line' id='line_1_30' title="bbox 142 1485 1803 1528; baseline -0.001 -13"><span class='ocrx_word' id='word_1_283' title='bbox 142 1485 266 1516; x_wconf 85' lang='lat' dir='ltr'>directa</span> <span class='ocrx_word' id='word_1_284' title='bbox 297 1486 337 1517; x_wconf 90' lang='lat' dir='ltr'>ab</span> <span class='ocrx_word' id='word_1_285' title='bbox 368 1485 563 1517; x_wconf 83' lang='lat' dir='ltr'>adversariis</span> <span class='ocrx_word' id='word_1_286' title='bbox 592 1486 657 1517; x_wconf 87' lang='lat' dir='ltr'>tela</span> <span class='ocrx_word' id='word_1_287' title='bbox 690 1487 903 1528; x_wconf 71' lang='lat' dir='ltr'>repelluntur„</span> <span class='ocrx_word' id='word_1_288' title='bbox 942 1497 1000 1517; x_wconf 90' lang='lat' dir='ltr'>nec</span> <span class='ocrx_word' id='word_1_289' title='bbox 1031 1487 1164 1527; x_wconf 83' lang='lat' dir='ltr'>spiculis</span> <span class='ocrx_word' id='word_1_290' title='bbox 1196 1486 1331 1527; x_wconf 80' lang='lat' dir='ltr'>peritiae</span> <span class='ocrx_word' id='word_1_291' title='bbox 1362 1489 1490 1517; x_wconf 84' lang='lat' dir='ltr'>vestrae</span> <span class='ocrx_word' id='word_1_292' title='bbox 1526 1487 1593 1516; x_wconf 52' lang='lat' dir='ltr'>ulla.</span> <span class='ocrx_word' id='word_1_293' title='bbox 1628 1486 1803 1527; x_wconf 82' lang='lat' dir='ltr'>clipeorum</span> 
     </span>
     <span class='ocr_line' id='line_1_31' title="bbox 141 1537 1858 1579; baseline -0.001 -11"><span class='ocrx_word' id='word_1_294' title='bbox 141 1540 246 1568; x_wconf 84' lang='lat' dir='ltr'>crates</span> <span class='ocrx_word' id='word_1_295' title='bbox 272 1537 456 1578; x_wconf 88' lang='lat' dir='ltr'>obponitur.</span> <span class='ocrx_word' id='word_1_296' title='bbox 504 1549 560 1568; x_wconf 92' lang='lat' dir='ltr'>vos</span> <span class='ocrx_word' id='word_1_297' title='bbox 585 1539 615 1568; x_wconf 91' lang='lat' dir='ltr'>in</span> <span class='ocrx_word' id='word_1_298' title='bbox 638 1537 824 1569; x_wconf 86' lang='lat' dir='ltr'>adflictione</span> <span class='ocrx_word' id='word_1_299' title='bbox 851 1538 1044 1569; x_wconf 82' lang='lat' dir='ltr'>constitutos</span> <span class='ocrx_word' id='word_1_300' title='bbox 1071 1537 1204 1578; x_wconf 83' lang='lat' dir='ltr'>erigitis.</span> <span class='ocrx_word' id='word_1_301' title='bbox 1231 1548 1285 1568; x_wconf 82' lang='lat' dir='ltr'>vos</span> <span class='ocrx_word' id='word_1_302' title='bbox 1311 1538 1431 1579; x_wconf 84' lang='lat' dir='ltr'>positos</span> <span class='ocrx_word' id='word_1_303' title='bbox 1457 1538 1486 1568; x_wconf 91' lang='lat' dir='ltr'>iu</span> <span class='ocrx_word' id='word_1_304' title='bbox 1514 1548 1683 1579; x_wconf 85' lang='lat' dir='ltr'>corporum</span> <span class='ocrx_word' id='word_1_305' title='bbox 1709 1548 1803 1567; x_wconf 89' lang='lat' dir='ltr'>cruce</span> <span class='ocrx_word' id='word_1_306' title='bbox 1823 1543 1858 1570; x_wconf 81' lang='lat' dir='ltr'>lo</span> 
     </span>
     <span class='ocr_line' id='line_1_32' title="bbox 141 1589 1804 1631; baseline -0.001 -12"><span class='ocrx_word' id='word_1_307' title='bbox 141 1589 290 1620; x_wconf 84' lang='lat' dir='ltr'>mulcetis</span> <span class='ocrx_word' id='word_1_308' title='bbox 322 1590 366 1620; x_wconf 84' lang='lat' dir='ltr'>sic</span> <span class='ocrx_word' id='word_1_309' title='bbox 399 1589 526 1630; x_wconf 80' lang='lat' dir='ltr'>gaudiis</span> <span class='ocrx_word' id='word_1_310' title='bbox 558 1594 733 1630; x_wconf 84' lang='lat' dir='ltr'>augmenta</span> <span class='ocrx_word' id='word_1_311' title='bbox 764 1590 962 1621; x_wconf 84' lang='lat' dir='ltr'>tribuentes.</span> <span class='ocrx_word' id='word_1_312' title='bbox 997 1593 1029 1619; x_wconf 92' lang='lat' dir='ltr'>ut</span> <span class='ocrx_word' id='word_1_313' title='bbox 1060 1589 1188 1619; x_wconf 90' lang='lat' dir='ltr'>modum</span> <span class='ocrx_word' id='word_1_314' title='bbox 1215 1590 1362 1620; x_wconf 85' lang='lat' dir='ltr'>hilaritas</span> <span class='ocrx_word' id='word_1_315' title='bbox 1388 1594 1420 1620; x_wconf 90' lang='lat' dir='ltr'>et</span> <span class='ocrx_word' id='word_1_316' title='bbox 1445 1590 1602 1631; x_wconf 84' lang='lat' dir='ltr'>producta</span> <span class='ocrx_word' id='word_1_317' title='bbox 1629 1589 1804 1620; x_wconf 81' lang='lat' dir='ltr'>custodiat:</span> 
     </span>
     <span class='ocr_line' id='line_1_33' title="bbox 142 1640 1805 1682; baseline -0.001 -12"><span class='ocrx_word' id='word_1_318' title='bbox 142 1641 166 1671; x_wconf 81' lang='lat' dir='ltr'>si</span> <span class='ocrx_word' id='word_1_319' title='bbox 192 1651 207 1670; x_wconf 85' lang='lat' dir='ltr'>a</span> <span class='ocrx_word' id='word_1_320' title='bbox 235 1640 324 1671; x_wconf 87' lang='lat' dir='ltr'>vobis</span> <span class='ocrx_word' id='word_1_321' title='bbox 353 1642 483 1672; x_wconf 84' lang='lat' dir='ltr'>veniant</span> <span class='ocrx_word' id='word_1_322' title='bbox 515 1641 753 1673; x_wconf 85' lang='lat' dir='ltr'>blandimenta.</span> <span class='ocrx_word' id='word_1_323' title='bbox 789 1641 990 1672; x_wconf 83' lang='lat' dir='ltr'>dulcescunt.</span> <span class='ocrx_word' id='word_1_324' title='bbox 1040 1652 1101 1672; x_wconf 85' lang='lat' dir='ltr'>uon</span> <span class='ocrx_word' id='word_1_325' title='bbox 1137 1642 1212 1672; x_wconf 89' lang='lat' dir='ltr'>licet</span> <span class='ocrx_word' id='word_1_326' title='bbox 1242 1646 1353 1672; x_wconf 82' lang='lat' dir='ltr'>eontra</span> <span class='ocrx_word' id='word_1_327' title='bbox 1382 1642 1553 1682; x_wconf 87' lang='lat' dir='ltr'>imperium</span> <span class='ocrx_word' id='word_1_328' title='bbox 1586 1644 1729 1672; x_wconf 85' lang='lat' dir='ltr'>vestrum</span> <span class='ocrx_word' id='word_1_329' title='bbox 1754 1640 1805 1670; x_wconf 89' lang='lat' dir='ltr'>vel</span> 
     </span>
     <span class='ocr_line' id='line_1_34' title="bbox 141 1692 1803 1735; baseline -0.001 -12"><span class='ocrx_word' id='word_1_330' title='bbox 141 1692 328 1724; x_wconf 86' lang='lat' dir='ltr'>defunctum</span> <span class='ocrx_word' id='word_1_331' title='bbox 354 1693 432 1724; x_wconf 86' lang='lat' dir='ltr'>flere</span> <span class='ocrx_word' id='word_1_332' title='bbox 459 1704 553 1734; x_wconf 87' lang='lat' dir='ltr'>quem</span> <span class='ocrx_word' id='word_1_333' title='bbox 574 1693 705 1734; x_wconf 80' lang='lat' dir='ltr'>diligas:</span> <span class='ocrx_word' id='word_1_334' title='bbox 732 1704 790 1724; x_wconf 88' lang='lat' dir='ltr'>vos</span> <span class='ocrx_word' id='word_1_335' title='bbox 809 1694 941 1735; x_wconf 87' lang='lat' dir='ltr'>nuptiis.</span> <span class='ocrx_word' id='word_1_336' title='bbox 966 1705 1022 1724; x_wconf 84' lang='lat' dir='ltr'>vos</span> <span class='ocrx_word' id='word_1_337' title='bbox 1040 1698 1136 1735; x_wconf 80' lang='lat' dir='ltr'>aptae</span> <span class='ocrx_word' id='word_1_338' title='bbox 1155 1694 1331 1724; x_wconf 80' lang='lat' dir='ltr'>funeribus.</span> <span class='ocrx_word' id='word_1_339' title='bbox 1375 1693 1532 1724; x_wconf 82' lang='lat' dir='ltr'>scientiae</span> <span class='ocrx_word' id='word_1_340' title='bbox 1552 1693 1643 1724; x_wconf 81' lang='lat' dir='ltr'>istius</span> <span class='ocrx_word' id='word_1_341' title='bbox 1661 1692 1803 1723; x_wconf 89' lang='lat' dir='ltr'>studium</span> 
     </span>
     <span class='ocr_line' id='line_1_35' title="bbox 142 1745 1853 1787; baseline 0 -11"><span class='ocrx_word' id='word_1_342' title='bbox 142 1745 366 1776; x_wconf 77' lang='lat' dir='ltr'>diversissima</span> <span class='ocrx_word' id='word_1_343' title='bbox 390 1746 421 1776; x_wconf 89' lang='lat' dir='ltr'>in</span> <span class='ocrx_word' id='word_1_344' title='bbox 446 1745 652 1776; x_wconf 81' lang='lat' dir='ltr'>concordiam</span> <span class='ocrx_word' id='word_1_345' title='bbox 679 1749 769 1776; x_wconf 86' lang='lat' dir='ltr'>tenet</span> <span class='ocrx_word' id='word_1_346' title='bbox 794 1749 825 1777; x_wconf 90' lang='lat' dir='ltr'>et</span> <span class='ocrx_word' id='word_1_347' title='bbox 851 1749 1020 1787; x_wconf 87' lang='lat' dir='ltr'>utramque</span> <span class='ocrx_word' id='word_1_348' title='bbox 1046 1749 1170 1787; x_wconf 87' lang='lat' dir='ltr'>partem</span> <span class='ocrx_word' id='word_1_349' title='bbox 1196 1746 1350 1786; x_wconf 51' lang='lat' dir='ltr'>amplexa.</span> <span class='ocrx_word' id='word_1_350' title='bbox 1374 1745 1566 1786; x_wconf 79' lang='lat' dir='ltr'>gratulatur.</span> <span class='ocrx_word' id='word_1_351' title='bbox 1607 1745 1730 1775; x_wconf 88' lang='lat' dir='ltr'>utinam</span> <span class='ocrx_word' id='word_1_352' title='bbox 1749 1755 1805 1774; x_wconf 86' lang='lat' dir='ltr'>vos</span> <span class='ocrx_word' id='word_1_353' title='bbox 1825 1748 1853 1776; x_wconf 86' lang='grc'>11</span> 
     </span>
     <span class='ocr_line' id='line_1_36' title="bbox 142 1796 1805 1838; baseline 0 -12"><span class='ocrx_word' id='word_1_354' title='bbox 142 1796 341 1838; x_wconf 83' lang='lat' dir='ltr'>longioribus</span> <span class='ocrx_word' id='word_1_355' title='bbox 372 1798 434 1828; x_wconf 89' lang='lat' dir='ltr'>coli</span> <span class='ocrx_word' id='word_1_356' title='bbox 464 1797 578 1828; x_wconf 87' lang='lat' dir='ltr'>liceret</span> <span class='ocrx_word' id='word_1_357' title='bbox 608 1798 761 1828; x_wconf 77' lang='lat' dir='ltr'>affatibus</span> <span class='ocrx_word' id='word_1_358' title='bbox 793 1802 824 1828; x_wconf 91' lang='lat' dir='ltr'>et</span> <span class='ocrx_word' id='word_1_359' title='bbox 857 1808 920 1828; x_wconf 89' lang='lat' dir='ltr'>non</span> <span class='ocrx_word' id='word_1_360' title='bbox 945 1798 1060 1828; x_wconf 80' lang='lat' dir='ltr'>vestris</span> <span class='ocrx_word' id='word_1_361' title='bbox 1091 1797 1219 1838; x_wconf 80' lang='lat' dir='ltr'>legibus</span> <span class='ocrx_word' id='word_1_362' title='bbox 1251 1797 1427 1828; x_wconf 86' lang='lat' dir='ltr'>deberetur</span> <span class='ocrx_word' id='word_1_363' title='bbox 1454 1797 1612 1827; x_wconf 82' lang='lat' dir='ltr'>brevitas.</span> <span class='ocrx_word' id='word_1_364' title='bbox 1645 1808 1664 1827; x_wconf 86' lang='lat' dir='ltr'>a</span> <span class='ocrx_word' id='word_1_365' title='bbox 1688 1796 1805 1838; x_wconf 80' lang='lat' dir='ltr'>quibus</span> 
     </span>
     <span class='ocr_line' id='line_1_37' title="bbox 143 1848 1807 1891; baseline -0.001 -12"><span class='ocrx_word' id='word_1_366' title='bbox 143 1849 238 1890; x_wconf 87' lang='lat' dir='ltr'>eopia</span> <span class='ocrx_word' id='word_1_367' title='bbox 262 1850 370 1880; x_wconf 87' lang='lat' dir='ltr'>votiva</span> <span class='ocrx_word' id='word_1_368' title='bbox 403 1850 601 1891; x_wconf 79' lang='lat' dir='ltr'>suggeritur!</span> <span class='ocrx_word' id='word_1_369' title='bbox 648 1861 705 1891; x_wconf 87' lang='lat' dir='ltr'>per</span> <span class='ocrx_word' id='word_1_370' title='bbox 730 1850 910 1880; x_wconf 80' lang='lat' dir='ltr'>litterarum</span> <span class='ocrx_word' id='word_1_371' title='bbox 935 1850 1060 1891; x_wconf 85' lang='lat' dir='ltr'>species</span> <span class='ocrx_word' id='word_1_372' title='bbox 1085 1850 1116 1879; x_wconf 93' lang='lat' dir='ltr'>iu</span> <span class='ocrx_word' id='word_1_373' title='bbox 1142 1850 1273 1890; x_wconf 89' lang='lat' dir='ltr'>longum</span> <span class='ocrx_word' id='word_1_374' title='bbox 1301 1849 1382 1879; x_wconf 89' lang='lat' dir='ltr'>itura</span> <span class='ocrx_word' id='word_1_375' title='bbox 1410 1860 1473 1879; x_wconf 81' lang='lat' dir='ltr'>vox</span> <span class='ocrx_word' id='word_1_376' title='bbox 1499 1852 1567 1879; x_wconf 89' lang='lat' dir='ltr'>tute</span> <span class='ocrx_word' id='word_1_377' title='bbox 1593 1848 1807 1879; x_wconf 86' lang='lat' dir='ltr'>committitur</span> 
     </span>
     <span class='ocr_line' id='line_1_38' title="bbox 145 1900 1806 1942; baseline -0.002 -11"><span class='ocrx_word' id='word_1_378' title='bbox 145 1903 178 1931; x_wconf 88' lang='lat' dir='ltr'>et</span> <span class='ocrx_word' id='word_1_379' title='bbox 206 1901 276 1932; x_wconf 83' lang='lat' dir='ltr'>sinc</span> <span class='ocrx_word' id='word_1_380' title='bbox 307 1901 520 1932; x_wconf 88' lang='lat' dir='ltr'>inminutione</span> <span class='ocrx_word' id='word_1_381' title='bbox 552 1902 601 1932; x_wconf 79' lang='lat' dir='ltr'>sui</span> <span class='ocrx_word' id='word_1_382' title='bbox 631 1901 791 1942; x_wconf 83' lang='lat' dir='ltr'>relegenti</span> <span class='ocrx_word' id='word_1_383' title='bbox 821 1900 984 1931; x_wconf 81' lang='lat' dir='ltr'>solidatur.</span> <span class='ocrx_word' id='word_1_384' title='bbox 1032 1904 1107 1932; x_wconf 83' lang='lat' dir='ltr'>aute</span> <span class='ocrx_word' id='word_1_385' title='bbox 1133 1911 1189 1931; x_wconf 86' lang='lat' dir='ltr'>vos</span> <span class='ocrx_word' id='word_1_386' title='bbox 1220 1901 1333 1942; x_wconf 83' lang='lat' dir='ltr'>ignara</span> <span class='ocrx_word' id='word_1_387' title='bbox 1364 1900 1486 1931; x_wconf 87' lang='lat' dir='ltr'>ordinis</span> <span class='ocrx_word' id='word_1_388' title='bbox 1514 1901 1595 1931; x_wconf 88' lang='lat' dir='ltr'>vixit</span> <span class='ocrx_word' id='word_1_389' title='bbox 1621 1901 1806 1931; x_wconf 75' lang='lat' dir='ltr'>humanitas·</span> 
     </span>
     <span class='ocr_line' id='line_1_39' title="bbox 146 1953 1962 1995; baseline -0.003 -12"><span class='ocrx_word' id='word_1_390' title='bbox 146 1956 178 1983; x_wconf 88' lang='lat' dir='ltr'>et</span> <span class='ocrx_word' id='word_1_391' title='bbox 209 1954 369 1985; x_wconf 80' lang='lat' dir='ltr'>ructantia</span> <span class='ocrx_word' id='word_1_392' title='bbox 398 1953 550 1994; x_wconf 83' lang='lat' dir='ltr'>glandem</span> <span class='ocrx_word' id='word_1_393' title='bbox 582 1957 715 1995; x_wconf 82' lang='lat' dir='ltr'>pectora</span> <span class='ocrx_word' id='word_1_394' title='bbox 748 1954 815 1984; x_wconf 79' lang='lat' dir='ltr'>sine</span> <span class='ocrx_word' id='word_1_395' title='bbox 845 1953 949 1983; x_wconf 90' lang='lat' dir='ltr'>modis</span> <span class='ocrx_word' id='word_1_396' title='bbox 975 1954 1075 1984; x_wconf 80' lang='lat' dir='ltr'>verba</span> <span class='ocrx_word' id='word_1_397' title='bbox 1100 1956 1302 1983; x_wconf 86' lang='lat' dir='ltr'>vomuerunt.</span> <span class='ocrx_word' id='word_1_398' title='bbox 1351 1963 1407 1983; x_wconf 89' lang='lat' dir='ltr'>vos</span> <span class='ocrx_word' id='word_1_399' title='bbox 1437 1953 1523 1983; x_wconf 87' lang='lat' dir='ltr'>inter</span> <span class='ocrx_word' id='word_1_400' title='bbox 1553 1953 1647 1982; x_wconf 89' lang='lat' dir='ltr'>unius</span> <span class='ocrx_word' id='word_1_401' title='bbox 1671 1954 1806 1982; x_wconf 79' lang='lat' dir='ltr'>naturae</span> <span class='ocrx_word' id='word_1_402' title='bbox 1819 1960 1885 1979; x_wconf 63' lang='lat' dir='ltr'>{avon</span> <span class='ocrx_word' id='word_1_403' title='bbox 1902 1962 1920 1979; x_wconf 65' lang='lat' dir='ltr'>a.</span> <span class='ocrx_word' id='word_1_404' title='bbox 1933 1962 1962 1978; x_wconf 78' lang='lat'>10.</span> 
     </span>
     <span class='ocr_line' id='line_1_40' title="bbox 146 2002 1808 2046; baseline -0.001 -11"><span class='ocrx_word' id='word_1_405' title='bbox 146 2005 294 2037; x_wconf 85' lang='lat' dir='ltr'>homines</span> <span class='ocrx_word' id='word_1_406' title='bbox 324 2005 508 2036; x_wconf 86' lang='lat' dir='ltr'>distantiam</span> <span class='ocrx_word' id='word_1_407' title='bbox 540 2006 657 2039; x_wconf 71' lang='lat' dir='ltr'>facitis,</span> <span class='ocrx_word' id='word_1_408' title='bbox 696 2005 771 2036; x_wconf 89' lang='lat' dir='ltr'>dum</span> <span class='ocrx_word' id='word_1_409' title='bbox 806 2005 1003 2036; x_wconf 82' lang='lat' dir='ltr'>caelestibus</span> <span class='ocrx_word' id='word_1_410' title='bbox 1040 2005 1153 2035; x_wconf 86' lang='lat' dir='ltr'>notitia</span> <span class='ocrx_word' id='word_1_411' title='bbox 1185 2005 1299 2036; x_wconf 85' lang='lat' dir='ltr'>vestri.</span> <span class='ocrx_word' id='word_1_412' title='bbox 1337 2004 1516 2046; x_wconf 86' lang='lat' dir='ltr'>pecudibus</span> <span class='ocrx_word' id='word_1_413' title='bbox 1549 2004 1670 2034; x_wconf 80' lang='lat' dir='ltr'>similes</span> <span class='ocrx_word' id='word_1_414' title='bbox 1702 2002 1808 2033; x_wconf 86' lang='lat' dir='ltr'>reddit</span> 
     </span>
     <span class='ocr_line' id='line_1_41' title="bbox 146 2056 1861 2099; baseline -0.002 -11"><span class='ocrx_word' id='word_1_415' title='bbox 146 2058 316 2099; x_wconf 86' lang='lat' dir='ltr'>ignoratio.</span> <span class='ocrx_word' id='word_1_416' title='bbox 363 2058 394 2088; x_wconf 90' lang='lat' dir='ltr'>in</span> <span class='ocrx_word' id='word_1_417' title='bbox 423 2058 595 2099; x_wconf 86' lang='lat' dir='ltr'>propatulo</span> <span class='ocrx_word' id='word_1_418' title='bbox 625 2062 689 2090; x_wconf 78' lang='lat' dir='ltr'>est,</span> <span class='ocrx_word' id='word_1_419' title='bbox 720 2058 824 2098; x_wconf 83' lang='lat' dir='ltr'>qualis</span> <span class='ocrx_word' id='word_1_420' title='bbox 856 2061 930 2088; x_wconf 84' lang='lat' dir='ltr'>aute</span> <span class='ocrx_word' id='word_1_421' title='bbox 961 2057 1043 2088; x_wconf 89' lang='lat' dir='ltr'>hauc</span> <span class='ocrx_word' id='word_1_422' title='bbox 1075 2058 1201 2097; x_wconf 81' lang='lat' dir='ltr'>frugem</span> <span class='ocrx_word' id='word_1_423' title='bbox 1233 2057 1330 2086; x_wconf 86' lang='lat' dir='ltr'>fucrit</span> <span class='ocrx_word' id='word_1_424' title='bbox 1360 2056 1543 2086; x_wconf 89' lang='lat' dir='ltr'>mortalium</span> <span class='ocrx_word' id='word_1_425' title='bbox 1576 2056 1708 2086; x_wconf 85' lang='lat' dir='ltr'>deserta</span> <span class='ocrx_word' id='word_1_426' title='bbox 1732 2066 1805 2096; x_wconf 85' lang='lat' dir='ltr'>pro-</span> <span class='ocrx_word' id='word_1_427' title='bbox 1827 2056 1861 2084; x_wconf 78' lang='lat'>12</span> 
     </span>
     <span class='ocr_line' id='line_1_42' title="bbox 146 2108 1805 2151; baseline -0.002 -11"><span class='ocrx_word' id='word_1_428' title='bbox 146 2110 263 2151; x_wconf 81' lang='lat' dir='ltr'>sapies.</span> <span class='ocrx_word' id='word_1_429' title='bbox 312 2120 383 2140; x_wconf 85' lang='lat' dir='ltr'>cum</span> <span class='ocrx_word' id='word_1_430' title='bbox 414 2110 476 2140; x_wconf 79' lang='lat' dir='ltr'>illis</span> <span class='ocrx_word' id='word_1_431' title='bbox 506 2110 607 2140; x_wconf 88' lang='lat' dir='ltr'>euim.</span> <span class='ocrx_word' id='word_1_432' title='bbox 639 2109 756 2150; x_wconf 82' lang='lat' dir='ltr'>quibus</span> <span class='ocrx_word' id='word_1_433' title='bbox 783 2110 951 2140; x_wconf 85' lang='lat' dir='ltr'>uobiscum</span> <span class='ocrx_word' id='word_1_434' title='bbox 977 2120 1035 2150; x_wconf 87' lang='lat' dir='ltr'>par</span> <span class='ocrx_word' id='word_1_435' title='bbox 1059 2109 1218 2139; x_wconf 84' lang='lat' dir='ltr'>adventus</span> <span class='ocrx_word' id='word_1_436' title='bbox 1244 2109 1273 2138; x_wconf 93' lang='lat' dir='ltr'>iu</span> <span class='ocrx_word' id='word_1_437' title='bbox 1300 2108 1372 2138; x_wconf 89' lang='lat' dir='ltr'>luce</span> <span class='ocrx_word' id='word_1_438' title='bbox 1398 2112 1460 2141; x_wconf 74' lang='lat' dir='ltr'>est.</span> <span class='ocrx_word' id='word_1_439' title='bbox 1493 2119 1551 2149; x_wconf 90' lang='lat' dir='ltr'>per</span> <span class='ocrx_word' id='word_1_440' title='bbox 1575 2108 1805 2138; x_wconf 82' lang='lat' dir='ltr'>discretionem</span> 
     </span>
     <span class='ocr_line' id='line_1_43' title="bbox 149 2158 1807 2203; baseline -0.003 -10"><span class='ocrx_word' id='word_1_441' title='bbox 149 2165 289 2193; x_wconf 86' lang='lat' dir='ltr'>vestram</span> <span class='ocrx_word' id='word_1_442' title='bbox 315 2172 376 2192; x_wconf 88' lang='lat' dir='ltr'>nou</span> <span class='ocrx_word' id='word_1_443' title='bbox 402 2165 452 2192; x_wconf 86' lang='lat' dir='ltr'>est</span> <span class='ocrx_word' id='word_1_444' title='bbox 477 2161 624 2192; x_wconf 84' lang='lat' dir='ltr'>condicio</span> <span class='ocrx_word' id='word_1_445' title='bbox 642 2172 707 2192; x_wconf 81' lang='lat' dir='ltr'>una</span> <span class='ocrx_word' id='word_1_446' title='bbox 724 2161 881 2203; x_wconf 87' lang='lat' dir='ltr'>sapiendi.</span> <span class='ocrx_word' id='word_1_447' title='bbox 921 2162 1039 2192; x_wconf 82' lang='lat' dir='ltr'>valete.</span> <span class='ocrx_word' id='word_1_448' title='bbox 1065 2164 1254 2191; x_wconf 83' lang='lat' dir='ltr'>ornamenta</span> <span class='ocrx_word' id='word_1_449' title='bbox 1274 2160 1415 2190; x_wconf 81' lang='lat' dir='ltr'>melioris</span> <span class='ocrx_word' id='word_1_450' title='bbox 1435 2160 1567 2190; x_wconf 82' lang='lat' dir='ltr'>saeculi.</span> <span class='ocrx_word' id='word_1_451' title='bbox 1594 2163 1626 2190; x_wconf 87' lang='lat' dir='ltr'>et</span> <span class='ocrx_word' id='word_1_452' title='bbox 1643 2158 1807 2189; x_wconf 87' lang='lat' dir='ltr'>mundum.</span> 
     </span>
     <span class='ocr_line' id='line_1_44' title="bbox 148 2210 1444 2255; baseline -0.002 -11"><span class='ocrx_word' id='word_1_453' title='bbox 148 2225 243 2255; x_wconf 89' lang='lat' dir='ltr'>quem</span> <span class='ocrx_word' id='word_1_454' title='bbox 270 2213 480 2253; x_wconf 67' lang='lat' dir='ltr'>eruderastis,</span> <span class='ocrx_word' id='word_1_455' title='bbox 506 2224 682 2245; x_wconf 81' lang='lat' dir='ltr'>concessae</span> <span class='ocrx_word' id='word_1_456' title='bbox 708 2224 726 2244; x_wconf 82' lang='lat' dir='ltr'>a</span> <span class='ocrx_word' id='word_1_457' title='bbox 751 2213 811 2244; x_wconf 87' lang='lat' dir='ltr'>deo</span> <span class='ocrx_word' id='word_1_458' title='bbox 836 2213 867 2243; x_wconf 95' lang='lat' dir='ltr'>in</span> <span class='ocrx_word' id='word_1_459' title='bbox 893 2216 1073 2254; x_wconf 89' lang='lat' dir='ltr'>temporum</span> <span class='ocrx_word' id='word_1_460' title='bbox 1099 2210 1242 2243; x_wconf 90' lang='lat' dir='ltr'>remedio</span> <span class='ocrx_word' id='word_1_461' title='bbox 1269 2211 1444 2252; x_wconf 88' lang='lat' dir='ltr'>possidete.</span> 
     </span>
    </p>
   </div>
   <div class='ocr_carea' id='block_1_9' title="bbox 148 2339 1815 2681">
    <p class='ocr_par' dir='ltr' id='par_1_9' title="bbox 148 2339 1815 2681">
     <span class='ocr_line' id='line_1_45' title="bbox 254 2339 1810 2376; baseline -0.004 -7"><span class='ocrx_word' id='word_1_462' title='bbox 254 2344 264 2368; x_wconf 93' lang='lat' dir='ltr'>l</span> <span class='ocrx_word' id='word_1_463' title='bbox 286 2349 315 2369; x_wconf 84' lang='lat' dir='ltr'>ut</span> <span class='ocrx_word' id='word_1_464' title='bbox 334 2354 376 2376; x_wconf 82' lang='lat' dir='ltr'>pes</span> <span class='ocrx_word' id='word_1_465' title='bbox 395 2353 469 2369; x_wconf 83' lang='lat' dir='ltr'>aseus</span> <span class='ocrx_word' id='word_1_466' title='bbox 487 2344 576 2375; x_wconf 77' lang='lat' dir='ltr'>gurgis</span> <span class='ocrx_word' id='word_1_467' title='bbox 591 2343 614 2366; x_wconf 92' lang='grc' dir='ltr'><em>Β</em></span> <span class='ocrx_word' id='word_1_468' title='bbox 733 2342 748 2367; x_wconf 74' lang='grc'>2</span> <span class='ocrx_word' id='word_1_469' title='bbox 769 2347 911 2367; x_wconf 81' lang='lat' dir='ltr'>uestrorum</span> <span class='ocrx_word' id='word_1_470' title='bbox 927 2342 980 2366; x_wconf 73' lang='lat' dir='ltr'>L&#39;J&#39;</span> <span class='ocrx_word' id='word_1_471' title='bbox 1092 2341 1108 2365; x_wconf 72' lang='grc' dir='ltr'>ἴ)</span> <span class='ocrx_word' id='word_1_472' title='bbox 1127 2346 1250 2366; x_wconf 84' lang='lat' dir='ltr'>suumunt</span> <span class='ocrx_word' id='word_1_473' title='bbox 1271 2345 1317 2369; x_wconf 73' lang='lat' dir='ltr'>(uu</span> <span class='ocrx_word' id='word_1_474' title='bbox 1337 2342 1361 2365; x_wconf 71' lang='lat' dir='ltr'>iu</span> <span class='ocrx_word' id='word_1_475' title='bbox 1383 2342 1428 2367; x_wconf 67' lang='lat' dir='ltr'>lit.)</span> <span class='ocrx_word' id='word_1_476' title='bbox 1444 2341 1467 2364; x_wconf 87' lang='grc' dir='ltr'><em>Β</em></span> <span class='ocrx_word' id='word_1_477' title='bbox 1587 2339 1600 2363; x_wconf 70' lang='grc' dir='ltr'>ἶ</span> <span class='ocrx_word' id='word_1_478' title='bbox 1622 2341 1684 2364; x_wconf 80' lang='lat' dir='ltr'>bene</span> <span class='ocrx_word' id='word_1_479' title='bbox 1703 2340 1705 2369; x_wconf 96' lang='grc' dir='ltr'>Ι</span> <span class='ocrx_word' id='word_1_480' title='bbox 1722 2349 1765 2363; x_wconf 85' lang='lat' dir='ltr'>cor</span> <span class='ocrx_word' id='word_1_481' title='bbox 1780 2340 1810 2364; x_wconf 88' lang='grc' dir='ltr'><em>Β.</em></span> 
     </span>
     <span class='ocr_line' id='line_1_46' title="bbox 148 2382 1811 2416; baseline -0.004 -3"><span class='ocrx_word' id='word_1_482' title='bbox 148 2398 191 2413; x_wconf 84' lang='lat' dir='ltr'>cor</span> <span class='ocrx_word' id='word_1_483' title='bbox 210 2389 274 2413; x_wconf 77' lang='lat' dir='ltr'>bene</span> <span class='ocrx_word' id='word_1_484' title='bbox 287 2389 361 2412; x_wconf 71' lang='lat' dir='ltr'>celeri</span> <span class='ocrx_word' id='word_1_485' title='bbox 458 2389 474 2409; x_wconf 58' lang='grc' dir='ltr'>δ’</span> <span class='ocrx_word' id='word_1_486' title='bbox 493 2388 601 2411; x_wconf 61' lang='lat' dir='ltr'>dumetis</span> <span class='ocrx_word' id='word_1_487' title='bbox 618 2386 620 2416; x_wconf 73' lang='grc'>1</span> <span class='ocrx_word' id='word_1_488' title='bbox 638 2387 729 2411; x_wconf 77' lang='lat' dir='ltr'>callem</span> <span class='ocrx_word' id='word_1_489' title='bbox 744 2386 775 2413; x_wconf 79' lang='grc' dir='ltr'><em>Β,</em></span> <span class='ocrx_word' id='word_1_490' title='bbox 794 2387 883 2410; x_wconf 82' lang='lat' dir='ltr'>callem</span> <span class='ocrx_word' id='word_1_491' title='bbox 897 2386 1006 2410; x_wconf 71' lang='lat' dir='ltr'>dumetis·</span> <span class='ocrx_word' id='word_1_492' title='bbox 1024 2384 1132 2409; x_wconf 68' lang='lat' dir='ltr'>l&#39;ll.&#39;l&#39;(&#39;</span> <span class='ocrx_word' id='word_1_493' title='bbox 1227 2384 1241 2407; x_wconf 66' lang='grc'>11</span> <span class='ocrx_word' id='word_1_494' title='bbox 1263 2385 1375 2416; x_wconf 72' lang='lat' dir='ltr'>purgatis</span> <span class='ocrx_word' id='word_1_495' title='bbox 1389 2386 1409 2408; x_wconf 74' lang='lat'>(¹</span> <span class='ocrx_word' id='word_1_496' title='bbox 1420 2389 1441 2408; x_wconf 75' lang='lat' dir='ltr'>ct</span> <span class='ocrx_word' id='word_1_497' title='bbox 1457 2384 1550 2407; x_wconf 74' lang='lat' dir='ltr'>Ilm-[cl</span> <span class='ocrx_word' id='word_1_498' title='bbox 1651 2383 1678 2406; x_wconf 90' lang='lat' dir='ltr'>ll</span> <span class='ocrx_word' id='word_1_499' title='bbox 1700 2383 1774 2407; x_wconf 78' lang='lat' dir='ltr'>famis</span> <span class='ocrx_word' id='word_1_500' title='bbox 1789 2382 1811 2406; x_wconf 85' lang='grc' dir='ltr'><em>Β</em></span> 
     </span>
     <span class='ocr_line' id='line_1_47' title="bbox 151 2425 1811 2464; baseline -0.005 -8"><span class='ocrx_word' id='word_1_501' title='bbox 151 2432 182 2457; x_wconf 73' lang='grc'>12</span> <span class='ocrx_word' id='word_1_502' title='bbox 202 2432 358 2464; x_wconf 73' lang='lat' dir='ltr'>persuadetis</span> <span class='ocrx_word' id='word_1_503' title='bbox 372 2431 396 2455; x_wconf 99' lang='grc' dir='ltr'><em>Β</em></span> <span class='ocrx_word' id='word_1_504' title='bbox 517 2430 546 2454; x_wconf 85' lang='grc'>13</span> <span class='ocrx_word' id='word_1_505' title='bbox 566 2439 657 2454; x_wconf 81' lang='lat' dir='ltr'>cussus</span> <span class='ocrx_word' id='word_1_506' title='bbox 676 2430 873 2454; x_wconf 69' lang='lat' dir='ltr'>elucubrationis</span> <span class='ocrx_word' id='word_1_507' title='bbox 887 2429 910 2452; x_wconf 88' lang='grc' dir='ltr'><em>Β</em></span> <span class='ocrx_word' id='word_1_508' title='bbox 1030 2427 1059 2452; x_wconf 85' lang='grc'>14</span> <span class='ocrx_word' id='word_1_509' title='bbox 1079 2432 1214 2452; x_wconf 76' lang='lat' dir='ltr'>stematum</span> <span class='ocrx_word' id='word_1_510' title='bbox 1234 2427 1255 2450; x_wconf 74' lang='lat' dir='ltr'>lv</span> <span class='ocrx_word' id='word_1_511' title='bbox 1372 2427 1402 2450; x_wconf 72' lang='lat'>15»</span> <span class='ocrx_word' id='word_1_512' title='bbox 1422 2427 1582 2458; x_wconf 70' lang='lat' dir='ltr'>pertinebant</span> <span class='ocrx_word' id='word_1_513' title='bbox 1601 2430 1655 2451; x_wconf 72' lang='lat' dir='ltr'>&lt;ant</span> <span class='ocrx_word' id='word_1_514' title='bbox 1674 2426 1699 2449; x_wconf 79' lang='lat' dir='ltr'>in</span> <span class='ocrx_word' id='word_1_515' title='bbox 1719 2426 1765 2453; x_wconf 74' lang='lat' dir='ltr'>lit.)</span> <span class='ocrx_word' id='word_1_516' title='bbox 1780 2425 1811 2451; x_wconf 81' lang='grc' dir='ltr'><em>Β,</em></span> 
     </span>
     <span class='ocr_line' id='line_1_48' title="bbox 151 2468 1811 2508; baseline -0.005 -8"><span class='ocrx_word' id='word_1_517' title='bbox 151 2476 313 2508; x_wconf 81' lang='lat' dir='ltr'>pertinebunt</span> <span class='ocrx_word' id='word_1_518' title='bbox 325 2476 391 2507; x_wconf 74' lang='lat' dir='ltr'>sort.</span> <span class='ocrx_word' id='word_1_519' title='bbox 483 2473 513 2498; x_wconf 76' lang='lat' dir='ltr'>lG</span> <span class='ocrx_word' id='word_1_520' title='bbox 533 2475 699 2498; x_wconf 68' lang='lat' dir='ltr'>reuiueseunt</span> <span class='ocrx_word' id='word_1_521' title='bbox 712 2473 735 2497; x_wconf 83' lang='grc' dir='ltr'><em>Β</em></span> <span class='ocrx_word' id='word_1_522' title='bbox 833 2471 861 2496; x_wconf 75' lang='grc'>17</span> <span class='ocrx_word' id='word_1_523' title='bbox 881 2481 972 2496; x_wconf 80' lang='lat' dir='ltr'>causae</span> <span class='ocrx_word' id='word_1_524' title='bbox 993 2472 1030 2495; x_wconf 60' lang='lat' dir='ltr'>ml</span> <span class='ocrx_word' id='word_1_525' title='bbox 1048 2480 1125 2495; x_wconf 82' lang='lat' dir='ltr'>curae</span> <span class='ocrx_word' id='word_1_526' title='bbox 1145 2471 1208 2495; x_wconf 75' lang='lat' dir='ltr'>cuni.</span> <span class='ocrx_word' id='word_1_527' title='bbox 1224 2470 1318 2494; x_wconf 68' lang='lat' dir='ltr'>Ilm-tel</span> <span class='ocrx_word' id='word_1_528' title='bbox 1371 2471 1518 2494; x_wconf 79' lang='lat' dir='ltr'>discribitur</span> <span class='ocrx_word' id='word_1_529' title='bbox 1532 2470 1555 2493; x_wconf 92' lang='grc' dir='ltr'><em>Β</em></span> <span class='ocrx_word' id='word_1_530' title='bbox 1646 2469 1676 2493; x_wconf 59' lang='grc'>18</span> <span class='ocrx_word' id='word_1_531' title='bbox 1695 2469 1774 2493; x_wconf 79' lang='lat' dir='ltr'>hostis</span> <span class='ocrx_word' id='word_1_532' title='bbox 1788 2468 1811 2492; x_wconf 88' lang='grc' dir='ltr'><em>Β</em></span> 
     </span>
     <span class='ocr_line' id='line_1_49' title="bbox 152 2511 1815 2549; baseline -0.005 -6"><span class='ocrx_word' id='word_1_533' title='bbox 152 2519 182 2543; x_wconf 72' lang='grc'>19</span> <span class='ocrx_word' id='word_1_534' title='bbox 202 2524 246 2543; x_wconf 83' lang='lat' dir='ltr'>aut</span> <span class='ocrx_word' id='word_1_535' title='bbox 264 2520 306 2542; x_wconf 84' lang='lat' dir='ltr'>(au</span> <span class='ocrx_word' id='word_1_536' title='bbox 326 2519 351 2542; x_wconf 81' lang='grc'>[11</span> <span class='ocrx_word' id='word_1_537' title='bbox 366 2518 411 2546; x_wconf 78' lang='lat' dir='ltr'>lit.)</span> <span class='ocrx_word' id='word_1_538' title='bbox 426 2518 449 2541; x_wconf 90' lang='grc' dir='ltr'><em>Β</em></span> <span class='ocrx_word' id='word_1_539' title='bbox 546 2517 579 2541; x_wconf 64' lang='grc'>21)</span> <span class='ocrx_word' id='word_1_540' title='bbox 597 2517 672 2549; x_wconf 81' lang='lat' dir='ltr'>agitis</span> <span class='ocrx_word' id='word_1_541' title='bbox 687 2517 781 2540; x_wconf 65' lang='lat' dir='ltr'>Ilm-tec</span> <span class='ocrx_word' id='word_1_542' title='bbox 842 2519 952 2540; x_wconf 78' lang='lat' dir='ltr'>unitates</span> <span class='ocrx_word' id='word_1_543' title='bbox 966 2515 989 2538; x_wconf 98' lang='grc' dir='ltr'><em>Β</em></span> <span class='ocrx_word' id='word_1_544' title='bbox 1083 2513 1112 2537; x_wconf 71' lang='grc'>2]</span> <span class='ocrx_word' id='word_1_545' title='bbox 1136 2514 1268 2538; x_wconf 76' lang='lat' dir='ltr'>seiunctus</span> <span class='ocrx_word' id='word_1_546' title='bbox 1284 2513 1306 2536; x_wconf 87' lang='grc' dir='ltr'><em>Β</em></span> <span class='ocrx_word' id='word_1_547' title='bbox 1365 2514 1532 2537; x_wconf 79' lang='lat' dir='ltr'>contemnetis</span> <span class='ocrx_word' id='word_1_548' title='bbox 1548 2513 1579 2541; x_wconf 91' lang='grc' dir='ltr'><em>Β,</em></span> <span class='ocrx_word' id='word_1_549' title='bbox 1598 2512 1778 2544; x_wconf 49' lang='lat' dir='ltr'>camtempnitis</span> <span class='ocrx_word' id='word_1_550' title='bbox 1795 2511 1815 2534; x_wconf 74' lang='lat'>1&#39;</span> 
     </span>
     <span class='ocr_line' id='line_1_50' title="bbox 150 2554 1812 2594; baseline -0.005 -8"><span class='ocrx_word' id='word_1_551' title='bbox 150 2561 183 2586; x_wconf 72' lang='grc'>23</span> <span class='ocrx_word' id='word_1_552' title='bbox 202 2563 318 2594; x_wconf 81' lang='lat' dir='ltr'>calybem</span> <span class='ocrx_word' id='word_1_553' title='bbox 332 2562 363 2590; x_wconf 87' lang='grc' dir='ltr'><em>Β,</em></span> <span class='ocrx_word' id='word_1_554' title='bbox 382 2562 488 2585; x_wconf 80' lang='lat' dir='ltr'>calibem</span> <span class='ocrx_word' id='word_1_555' title='bbox 509 2560 529 2583; x_wconf 78' lang='lat' dir='ltr'><em>V</em></span> <span class='ocrx_word' id='word_1_556' title='bbox 606 2561 715 2584; x_wconf 83' lang='lat' dir='ltr'>uestitus</span> <span class='ocrx_word' id='word_1_557' title='bbox 731 2559 753 2583; x_wconf 80' lang='grc' dir='ltr'><em>Β</em></span> <span class='ocrx_word' id='word_1_558' title='bbox 869 2557 901 2582; x_wconf 70' lang='grc'>24</span> <span class='ocrx_word' id='word_1_559' title='bbox 923 2559 1023 2582; x_wconf 85' lang='lat' dir='ltr'>illorum</span> <span class='ocrx_word' id='word_1_560' title='bbox 1039 2557 1070 2583; x_wconf 72' lang='grc' dir='ltr'><em>Β,</em></span> <span class='ocrx_word' id='word_1_561' title='bbox 1089 2565 1175 2581; x_wconf 71' lang='lat' dir='ltr'>eorum</span> <span class='ocrx_word' id='word_1_562' title='bbox 1196 2556 1263 2580; x_wconf 54' lang='lat' dir='ltr'>VIA]</span> <span class='ocrx_word' id='word_1_563' title='bbox 1340 2557 1488 2580; x_wconf 80' lang='lat' dir='ltr'>unbonibus</span> <span class='ocrx_word' id='word_1_564' title='bbox 1502 2556 1525 2579; x_wconf 90' lang='grc' dir='ltr'><em>Β</em></span> <span class='ocrx_word' id='word_1_565' title='bbox 1647 2554 1680 2579; x_wconf 66' lang='grc'>211</span> <span class='ocrx_word' id='word_1_566' title='bbox 1700 2555 1774 2578; x_wconf 78' lang='lat' dir='ltr'>cratis</span> <span class='ocrx_word' id='word_1_567' title='bbox 1791 2554 1812 2577; x_wconf 84' lang='grc' dir='ltr'><em>Β</em></span> 
     </span>
     <span class='ocr_line' id='line_1_51' title="bbox 151 2598 1812 2638; baseline -0.005 -10"><span class='ocrx_word' id='word_1_568' title='bbox 151 2606 288 2638; x_wconf 78' lang='lat' dir='ltr'>opponitur</span> <span class='ocrx_word' id='word_1_569' title='bbox 304 2605 327 2627; x_wconf 63' lang='lat' dir='ltr'>l*</span> <span class='ocrx_word' id='word_1_570' title='bbox 411 2605 550 2629; x_wconf 64' lang='lat' dir='ltr'>afflictione</span> <span class='ocrx_word' id='word_1_571' title='bbox 569 2604 587 2626; x_wconf 73' lang='grc' dir='ltr'><strong>Γ</strong></span> <span class='ocrx_word' id='word_1_572' title='bbox 668 2603 822 2627; x_wconf 76' lang='lat' dir='ltr'>constitutus</span> <span class='ocrx_word' id='word_1_573' title='bbox 841 2603 944 2634; x_wconf 77' lang='lat' dir='ltr'>erigetis</span> <span class='ocrx_word' id='word_1_574' title='bbox 957 2601 981 2625; x_wconf 86' lang='grc' dir='ltr'><em>Β</em></span> <span class='ocrx_word' id='word_1_575' title='bbox 1111 2599 1143 2624; x_wconf 72' lang='lat'>:27</span> <span class='ocrx_word' id='word_1_576' title='bbox 1164 2600 1298 2624; x_wconf 77' lang='lat' dir='ltr'>tribuentis</span> <span class='ocrx_word' id='word_1_577' title='bbox 1316 2600 1357 2623; x_wconf 58' lang='grc' dir='ltr'><em>ΒΛ</em></span> <span class='ocrx_word' id='word_1_578' title='bbox 1492 2599 1524 2624; x_wconf 66' lang='grc'>29</span> <span class='ocrx_word' id='word_1_579' title='bbox 1544 2600 1617 2623; x_wconf 72' lang='lat' dir='ltr'>istius</span> <span class='ocrx_word' id='word_1_580' title='bbox 1637 2603 1669 2625; x_wconf 82' lang='lat' dir='ltr'>(st</span> <span class='ocrx_word' id='word_1_581' title='bbox 1689 2599 1713 2622; x_wconf 80' lang='lat' dir='ltr'>in</span> <span class='ocrx_word' id='word_1_582' title='bbox 1728 2598 1773 2624; x_wconf 69' lang='lat' dir='ltr'>lit.)</span> <span class='ocrx_word' id='word_1_583' title='bbox 1790 2598 1812 2622; x_wconf 84' lang='grc' dir='ltr'><em>Β</em></span> 
     </span>
     <span class='ocr_line' id='line_1_52' title="bbox 151 2642 1811 2681; baseline -0.005 -8"><span class='ocrx_word' id='word_1_584' title='bbox 151 2649 184 2673; x_wconf 74' lang='grc'>32</span> <span class='ocrx_word' id='word_1_585' title='bbox 204 2649 277 2681; x_wconf 84' lang='lat' dir='ltr'>cnpia</span> <span class='ocrx_word' id='word_1_586' title='bbox 293 2648 316 2672; x_wconf 83' lang='grc' dir='ltr'><em>Β</em></span> <span class='ocrx_word' id='word_1_587' title='bbox 411 2648 558 2680; x_wconf 76' lang='lat' dir='ltr'>suggeritur</span> <span class='ocrx_word' id='word_1_588' title='bbox 577 2656 624 2671; x_wconf 76' lang='lat'><em>(¹111.</em></span> <span class='ocrx_word' id='word_1_589' title='bbox 643 2645 688 2673; x_wconf 67' lang='lat' dir='ltr'>Ill.</span> <span class='ocrx_word' id='word_1_590' title='bbox 706 2650 840 2678; x_wconf 82' lang='lat' dir='ltr'>superetur</span> <span class='ocrx_word' id='word_1_591' title='bbox 856 2654 950 2677; x_wconf 67' lang='lat' dir='ltr'>param</span> <span class='ocrx_word' id='word_1_592' title='bbox 972 2649 1090 2669; x_wconf 66' lang='lat' dir='ltr'>accurate</span> <span class='ocrx_word' id='word_1_593' title='bbox 1109 2648 1130 2668; x_wconf 78' lang='lat' dir='ltr'>cl</span> <span class='ocrx_word' id='word_1_594' title='bbox 1151 2644 1245 2667; x_wconf 53' lang='lat' dir='ltr'>amiur-c</span> <span class='ocrx_word' id='word_1_595' title='bbox 1267 2653 1296 2667; x_wconf 56' lang='lat' dir='ltr'>ca*</span> <span class='ocrx_word' id='word_1_596' title='bbox 1313 2648 1387 2674; x_wconf 66' lang='lat' dir='ltr'>stat-le</span> <span class='ocrx_word' id='word_1_597' title='bbox 1407 2644 1430 2667; x_wconf 78' lang='grc'>[11</span> <span class='ocrx_word' id='word_1_598' title='bbox 1451 2652 1498 2674; x_wconf 67' lang='lat' dir='ltr'>mss.</span> <span class='ocrx_word' id='word_1_599' title='bbox 1519 2643 1579 2667; x_wconf 72' lang='lat' dir='ltr'>add.</span> <span class='ocrx_word' id='word_1_600' title='bbox 1597 2642 1635 2666; x_wconf 53' lang='grc' dir='ltr'><em>ΒΗ</em></span> <span class='ocrx_word' id='word_1_601' title='bbox 1731 2647 1784 2666; x_wconf 61' lang='lat' dir='ltr'>tntu</span> <span class='ocrx_word' id='word_1_602' title='bbox 1799 2642 1811 2663; x_wconf 73' lang='lat' dir='ltr'>lr</span> 
     </span>
    </p>
   </div>
   <div class='ocr_carea' id='block_1_10' title="bbox 152 2685 1812 2724">
    <p class='ocr_par' dir='ltr' id='par_1_10' title="bbox 152 2685 1812 2724">
     <span class='ocr_line' id='line_1_53' title="bbox 152 2685 1812 2724; baseline -0.006 -8"><span class='ocrx_word' id='word_1_603' title='bbox 152 2691 185 2716; x_wconf 82' lang='grc'>33</span> <span class='ocrx_word' id='word_1_604' title='bbox 205 2692 326 2724; x_wconf 80' lang='lat' dir='ltr'>relegenti</span> <span class='ocrx_word' id='word_1_605' title='bbox 340 2691 437 2723; x_wconf 61' lang='lat' dir='ltr'>scripsi.</span> <span class='ocrx_word' id='word_1_606' title='bbox 456 2691 578 2722; x_wconf 79' lang='lat' dir='ltr'>religente</span> <span class='ocrx_word' id='word_1_607' title='bbox 590 2690 621 2717; x_wconf 87' lang='grc' dir='ltr'><em>Β,</em></span> <span class='ocrx_word' id='word_1_608' title='bbox 640 2691 768 2722; x_wconf 77' lang='lat' dir='ltr'>relegente</span> <span class='ocrx_word' id='word_1_609' title='bbox 782 2689 856 2713; x_wconf 71' lang='lat' dir='ltr'>ceteri</span> <span class='ocrx_word' id='word_1_610' title='bbox 945 2688 978 2712; x_wconf 66' lang='lat'>:351</span> <span class='ocrx_word' id='word_1_611' title='bbox 995 2688 1132 2721; x_wconf 80' lang='lat' dir='ltr'>pecodibus</span> <span class='ocrx_word' id='word_1_612' title='bbox 1146 2687 1234 2711; x_wconf 80' lang='lat' dir='ltr'>similis</span> <span class='ocrx_word' id='word_1_613' title='bbox 1246 2686 1269 2710; x_wconf 87' lang='grc' dir='ltr'><em>Β</em></span> <span class='ocrx_word' id='word_1_614' title='bbox 1357 2686 1390 2709; x_wconf 67' lang='grc'>3343</span> <span class='ocrx_word' id='word_1_615' title='bbox 1404 2687 1493 2718; x_wconf 79' lang='lat' dir='ltr'>quales</span> <span class='ocrx_word' id='word_1_616' title='bbox 1504 2686 1527 2709; x_wconf 90' lang='grc' dir='ltr'><em>Β</em></span> <span class='ocrx_word' id='word_1_617' title='bbox 1615 2686 1648 2709; x_wconf 64' lang='grc'>38</span> <span class='ocrx_word' id='word_1_618' title='bbox 1662 2685 1777 2710; x_wconf 74' lang='lat' dir='ltr'>meliores</span> <span class='ocrx_word' id='word_1_619' title='bbox 1791 2685 1812 2708; x_wconf 69' lang='lat' dir='ltr'>l:</span> 
     </span>
    </p>
   </div>
  </div>
 </body>
</html>
